2476 4148
88 134 240 210 .1V..715‚]
327 116 520 202 Approaclz
544 116 592 198 of
603 115 659 177 the
682 112 931 180 Sea-monster.
1098 124 1141 195 45

92 314 240 379 celasset
255 312 380 386 vultus,
395 309 513 378 si-non
526 309 674 395 ,religata
690 307 821 374 suisset.
879 333 890 348 ⁶

91 420 237 494 lumina,
256 418 347 503 quod
364 416 482 501 potuit,
502 415 652 479 lacrimis
668 414 821 499 implevit
837 412 975 481 obortis.

138 523 287 608 Saepius
304 522 460 598 instanti,
473 542 535 586 sua
552 542 596 590 ne
613 521 736 585 delicta
752 519 878 583 fateri>
1090 535 1142 605 633
1210 508 1212 513 Α

91 630 184 696 nolle
201 630 384 704 videretur,
403 649 529 696 nomen
545 637 723 712 terraeque
740 647 919 714 suumque,

91 746 287 824 quantaque
304 745 479 802 maternae
496 732 596 797 fuerit
611 731 737 797 fiducia
754 731 896 807 formae,

90 843 231 908 indicat.
280 840 324 907 Et
340 840 492 909 nondum
511 837 705 908 memoratis
722 837 880 903 omnibus
897 837 991 905 unda

90 948 253 1024 insonuit,
270 946 480 1031 veniensque
496 944 664 1009 immenso
680 944 782 1027 belua
798 953 901 1027 ponto

90 1055 258 1128 imminet,
278 1062 311 1117 et
326 1053 431 1116 latum
449 1051 511 1115 sub
528 1060 664 1134 pectore
682 1049 832 1133 possidet
849 1069 989 1134 aequor.
1009 1082 1011 1086 ·
1088 1065 1142 1136 690

126 1161 342 1227 'Conclamat
356 1158 455 1243 virgo
468 1178 476 1230 3
490 1156 634 1243 genitor
644 1155 804 1241 lugubris
822 1165 854 1221 et
869 1177 939 1219 una

90 1278 201 1341 mater.
216 1266 323 1338 adest,
343 1264 444 1336 ambo
462 1262 589 1338 miseri,
607 1263 668 1326 sed
680 1262 803 1349 justius
820 1262 891 1326 illa.
937 1327 953 1331 ,,

90 1394 156 1438 nec
172 1388 290 1443 secum
308 1369 487 1443 auxilium,
505 1370 566 1434 sed
582 1368 705 1453 dignos
722 1379 875 1452 tempore
891 1367 990 1433 fletus

91 1481 363 1566 plangoremque
379 1476 503 1549 ferunt,
521 1474 702 1560 vinctoque
718 1474 754 1539 in
770 1491 913 1559 corpore
930 1476 1137 1552 adhaerent3

91 1607 171 1650 cum
188 1584 238 1649 sic
254 1585 378 1667 hospes
396 1582 463 1647 ait:
491 1579 751 1646 ‘Lacrimarum
769 1581 875 1667 longa
892 1591 1030 1646 manere
1071 1599 1139 1668 ,695

90 1704 245 1777 tempora
272 1711 333 1754 vos
361 1699 538 1774 poterunt;
574 1689 618 1753 ad
650 1709 750 1774 opem
776 1687 889 1752 brevis
917 1688 1002 1754 hora
1030 1688 1141 1752 seren-

120 1843 147 1851 .·
226 1797 305 1862 dam
323 1807 384 1861 est.
947 1815 949 1819 ⁴

91 1907 182 1970 hanc
198 1925 264 1991 ego
281 1904 309 1968 si
327 1913 477 1988 peterem
494 1902 641 1968 Perseus
653 1903 740 1989 Jove
758 1912 856 1967 natus
873 1912 906 1967 et
922 1902 993 1979 illa,

90 2032 195 2098 quam
212 2012 365 2082 clausam
376 2009 536 2094 implevit
552 2009 721 2074 foecundo
733 2010 890 2095 Juppiter
906 2031 1003 2084 auro,

91 2117 266 2205 Gorgonis
282 2116 510 2203 anguicomae
527 2115 674 2180 Perseus
691 2128 880 2200 superator,
900 2128 932 2181 et
948 2116 1011 2182 alis

90 2225 260 2290 aetherias
277 2244 381 2288 ausus
393 2223 528 2310 jactatis
544 2224 593 2286 ire
610 2244 671 2307 per
688 2243 802 2297 auras,
1088 2252 1141 2308 700
1165 2264 1169 2272 ·

90 2331 281 2418 praeferrer
297 2330 427 2396 cunctis
443 2342 534 2420 certe
552 2351 669 2416 gener.
716 2328 855 2394 Addere
873 2328 974 2394 tantis

90 2440 225 2506 dotibus
242 2450 274 2505 et
290 2440 460 2514 meritum,
479 2440 617 2505 faveant
633 2441 733 2505 modo
750 2440 904 2517 numina,
923 2452 1070 2528 tempto:

89 2559 128 2612 ut
144 2569 221 2613 mea
238 2547 280 2613 sit
296 2559 429 2613 servata
447 2571 524 2613 mea
540 2550 674 2624 virtute,
686 2549 875 2636 paciscor)

72 2653 262 2739 'accipiunt
278 2656 534 2743 legem—quis
550 2659 642 2722 enim
660 2659 947 2725 dubitaret?-et
963 2669 1072 2735 orant,

90 2761 356 2848 promittuntque
373 2768 476 2847 super
492 2786 638 2852 regnum
657 2767 768 2831 dotale
785 2777 956 2851 parentes.
1088 2794 1139 2851 705

109 2910 111 2914 »
136 2864 228 2930 Ecce
244 2867 338 2931 velut
353 2868 453 2932 navis
467 2869 621 2953 praefixo
638 2871 771 2935 concita
787 2882 894 2935 rostro

91 2971 201 3037 sulcat
217 2993 336 3058 aquas,
353 2973 518 3062 juvenum
534 2977 736 3061 sudantibus
753 2991 827 3042 acta
840 2978 992 3053 lacertis,
1101 2989 1103 2993 '

90 3078 141 3144 sie
158 3078 230 3143 fera
247 3079 382 3145 dimotis
398 3080 548 3165 impulsu
565 3085 711 3166 pectoris
726 3086 827 3150 undis

89 3195 220 3249 tantum
239 3186 356 3250 aberat
372 3187 533 3271 scopulis,
552 3200 715 3273 quantum
734 3190 913 3256 Balearica
929 3201 1015 3256 torto
1059 3221 1062 3226 ·

90 3291 197 3357 sunda
214 3302 323 3376 potest
339 3292 478 3376 plumbo
496 3295 598 3358 medii
613 3298 839 3364 transmittere
855 3298 963 3363 caeli:
1053 3354 1054 3357 ,
1088 3323 1140 3378 710

90 3419 169 3462 cum
187 3397 296 3462 subito
310 3397 458 3485 juvenis,
476 3400 620 3483 pedibus
636 3402 757 3467 tellure
773 3406 924 3488 repulsa,
1119 3405 1120 3409 ’

91 3505 218 3568 arduus
234 3503 269 3566 in
286 3505 394 3568 nubes
412 3504 503 3569 abiit.
553 3505 600 3569 Ut
617 3506 651 3569 in
669 3528 816 3594 aequore
832 3532 966 3575 summo

89 3611 211 3674 umbra
227 3608 382 3674 virivisa
399 3621 461 3685 est,
479 3611 589 3675 visam
606 3611 677 3677 fera
694 3615 800 3677 saevit
815 3615 850 3678 in
866 3617 1036 3680 umbram.

90 3727 193 3801 utque
205 3714 301 3800 Jovis
317 3737 475 3801 praepes,
493 3737 602 3781 vacuo
620 3738 698 3782 cum
714 3720 798 3784 vidit
814 3721 848 3785 in
865 3743 948 3786 arvo

88 3821 311 3908 praebentem
327 3820 469 3889 Phoebo
485 3821 623 3888 liventia
639 3832 738 3912 terga
754 3826 952 3903 draconem,
1086 3855 1146 3914 715²
