2476 4148
86 177 178 232 v111.
193 175 267 249 su]
416 154 526 223 Scene
547 155 665 243 ‹ffthe
693 152 814 222 Chasa.

88 376 121 438 et
137 385 224 451 quos
241 363 447 449 Hippocoon
464 361 611 448 antiquis
627 360 720 426 misit
734 359 915 446 Amyclis;

87 468 349 555 Penelopesque
365 490 464 534 socer
481 489 558 533 cum
576 467 759 531 Parrhasio
776 464 940 539 Ancae03
1090 495 1141 551 315

86 573 371 661 Ampycidesque
388 595 511 661 sagax,
531 583 563 638 et
580 575 693 638 adhuc
711 594 730 636 a
746 573 894 659 conjuge
910 582 1001 638 tutus

89 681 264 756 Oeclides,
283 681 499 768 nemorisque
516 681 621 744 decus
639 679 804 766 Tegeaea
821 678 966 764 Lycaei.

134 787 265 852 Rasilis
283 787 363 852 huic
379 807 548 852 summam
568 786 744 850 mordebat
760 786 865 848 fibula
882 795 1034 861 vestem3

89 893 193 969 crinis
210 881 282 958 erat
298 893 459 978 simplex,
478 893 605 957 nodum
622 892 786 956 collectus
803 891 837 954 in
852 912 982 966 unum3

89 1021 134 1064 ex
151 1000 294 1063 humero
311 999 465 1083 pendens
482 999 664 1062 resonabat
682 997 832 1061 eburnea
849 998 949 1062 laevo
1091 1028 1142 1082 320

87 1105 234 1170 telorum
251 1117 384 1180 custos;
411 1125 528 1168 arcum
545 1125 681 1190 quoque
699 1105 797 1167 laeva
814 1103 972 1168 tenebat:

88 1211 167 1275 talis
183 1220 255 1274 erat
270 1212 384 1287 cultu;
409 1210 528 1287 facies,
547 1231 652 1296 quam
669 1209 783 1274 dicere
801 1230 881 1274 vere

87 1317 280 1405 virgineam
297 1317 332 1381 in
349 1338 469 1402 puer0,
488 1317 653 1402 puerilem
671 1316 705 1379 in
722 1315 857 1402 virgine
873 1315 997 1401 possis.

136 1423 239 1488 Hanc
254 1424 381 1509 pariter
396 1424 491 1498 vidit,
510 1423 636 1508 pariter
652 1420 868 1508 Calydonius
884 1423 986 1488 heros

88 1530 229 1616 optavit,
247 1541 411 1595 renuente
428 1530 504 1605 deo,
522 1528 749 1614 flammasque
766 1528 910 1592 latentes
1090 1558 1141 1614 325

86 1637 215 1714 hausit,
232 1647 267 1701 et
284 1634 339 1701 ‘O
355 1635 450 1711 felix,
469 1636 497 1701 si
513 1657 616 1722 quem
630 1633 844 1722 dignabitur’
860 1633 969 1720 inquit

90 1744 177 1809 ‘ista
194 1743 304 1807 virum
317 1741 346 1806 l'
391 1742 468 1808 Nec
484 1743 584 1828 plura
601 1742 680 1807 sinit
696 1755 899 1827 tempusque
917 1740 1097 1827 pudorque

88 1849 224 1916 dicere:
249 1849 360 1937 majus
376 1870 463 1934 opus
481 1850 599 1936 magni
617 1848 811 1913 certaminis
828 1859 966 1936 urguet.

134 1955 232 2021 Silva
248 1955 408 2042 frequens
424 1955 590 2031 trabibus,
608 1976 712 2041 quam
732 1955 826 2018 nulla
843 1954 1015 2020 ceciderat
1032 1964 1139 2030 aetas,

87 2061 207 2148 incipit
223 2083 243 2126 a
260 2064 376 2148 plano,
397 2063 598 2148 devexaque
616 2061 778 2148 prospicit
794 2081 899 2126 arva:
1089 2047 1141 2145 33o

86 2191 156 2257 quo
173 2180 353 2256 postquam
370 2190 495 2234 venere
511 2169 587 2245 viri,
608 2189 688 2253 pars
704 2169 788 2233 retia
804 2169 959 2242 tendunt,

87 2276 228 2341 vincula
243 2295 323 2361 pars
340 2275 497 2341 adimunt
513 2275 670 2348 canibus
689 2295 770 2359 pars
787 2293 905 2358 pressa
921 2282 1110 2358 sequuntur

89 2383 190 2471 signa
206 2384 346 2469 pedum,
365 2384 575 2469 cupiuntque
593 2402 691 2446 suum
709 2381 859 2465 reperire
876 2380 1055 2464 periclum.

89 2510 242 2556 concava
257 2490 358 2556 vallis
376 2502 460 2566 erat,
478 2502 601 2576 quose
617 2487 794 2552 demittere
812 2486 875 2550 rivi

89 2599 274 2663 adsuerant
289 2598 449 2684 pluvialis
467 2618 598 2685 aquae:
623 2606 715 2660 tenet
731 2595 799 2658 ima
815 2594 961 2660 lacunae
1085 2624 1136 2680 335

87 2703 181 2768 lenta
196 2705 285 2768 salix
302 2705 471 2791 ulvaeque
488 2705 582 2769 leves
595 2703 759 2790 juncique
776 2701 958 2787 palustres

87 2810 285 2896 viminaque
301 2823 334 2876 et
349 2811 455 2898 longa
472 2831 599 2896 parvae
616 2810 679 2874 sub
697 2807 864 2873 arundine
881 2827 1028 2872 cannae.

134 2916 227 2981 Hinc
244 2937 327 3001 aper
342 2917 475 2982 excitus
492 2916 622 2981 medios
639 2916 808 2980 violentus
825 2914 861 2978 in
878 2914 993 2979 hostes

88 3022 205 3098 fertur,
224 3033 260 3088 ut
276 3023 429 3088 excussis
447 3023 520 3088 elisi
539 3023 686 3086 nubibus
704 3022 814 3108 ignes.

89 3127 248 3193 sternitur
263 3129 401 3195 incursu
418 3151 553 3203 nemus,
572 3140 604 3193 et
620 3127 783 3212 propulsa
800 3126 974 3213 fragorem
1088 3156 1139 3209 340

88 3235 174 3300 silva
191 3237 260 3301 dat.
309 3235 516 3301 Exclamant
528 3235 685 3323 juvenes,
705 3245 948 3319 praetentaque
964 3230 1042 3296 sorti

86 3344 156 3407 tela
171 3353 287 3408 tenent
303 3344 423 3409 dextra
439 3344 507 3408 lato
524 3341 692 3406 vibrantia
711 3340 811 3403 ferro.

87 3447 145 3512 ille
162 3448 227 3513 ruit
243 3449 441 3536 spargitque
459 3470 576 3523 canes,
595 3458 631 3511 ut
648 3447 790 3532 quisque
809 3444 933 3509 furenti

87 3556 210 3631 obstat,
229 3567 262 3620 et
277 3556 415 3642 obliquo
433 3557 595 3618 latrantes
612 3553 754 3637 dissipat
770 3552 849 3616 ictu.

87 3661 204 3746 cuspis
220 3661 389 3727 Echionio
405 3661 551 3746 primum
570 3670 721 3723 contorta
739 3659 868 3721 lacerto
1086 3683 1137 3739 345

86 3788 177 3832 vana
194 3767 269 3844 fuit,
285 3777 473 3854 truncoque
490 3766 582 3830 dedit
598 3765 673 3828 leve
691 3765 814 3827 vulnus
831 3781 969 3826 acerno.

87 3872 260 3960 proxima,
278 3873 307 3938 si
324 3864 437 3938 nimiis
453 3870 613 3937 mittentis
629 3869 757 3933 viribus
773 3888 836 3932 usa

605 3978 623 4032 6
