2476 4148
95 113 134 166 V.
146 111 223 184 4⁶4]
427 96 509 162 Her
543 97 665 183 Weary
689 93 834 161 Searcla.

96 289 278 376 primaque
295 291 338 355 de
355 301 423 356 tota
439 292 640 357 tenuissima
656 312 814 377 quaeque
831 290 1034 374 liquescunt,

97 396 248 461 caerulei
259 396 389 472 crines,
409 398 576 484 digitique
593 408 626 461 et
642 417 741 461 crura
758 396 953 480 pedesque:

97 524 179 566 narn
195 502 308 567 brevis
324 501 360 566 in
377 504 511 589 gelidas
529 504 690 567 membris
709 501 854 568 exilibus
872 502 983 566 undas

96 609 345 682 transitusest3
371 610 549 692 posthaec
566 607 700 672 humeri
716 619 903 694 tergusque
916 607 1073 694 latusque

96 725 304 800 pectoraque
321 715 355 778 in
372 724 492 778 tenues
509 715 636 778 abeunt
652 713 799 779 evanida
814 713 917 778 rlvos.
1074 783 1077 788 ,
1096 743 1147 798 435

98 821 245 906 denique
262 842 323 905 pro
339 820 418 885 vivo
433 820 569 910 vitiatas
585 819 756 906 sanguine
772 840 878 884 venas
936 862 939 867 ι

96 927 366 1013 lymphasubit;
392 937 564 1012 restatque
581 927 680 1001 nihil,
699 926 790 1012 quod
807 925 974 1010 prendere
991 924 1114 1012 possis.

143 1033 278 1097 Interea
295 1033 441 1117 pavidae
459 1032 666 1118 nequiquam
684 1032 754 1097 filia
771 1031 868 1096 matri

96 1139 255 1204 omnibus
272 1151 322 1204 est
337 1141 447 1215 terris,
466 1140 559 1220 omni
576 1139 729 1226 quaesita
745 1139 936 1224 profundo·⁸

96 1245 192 1310 illam
209 1267 277 1311 non
293 1247 371 1311 udis
387 1247 529 1311 veniens
546 1244 682 1311 Aurora
699 1246 832 1331 capillis
977 1262 992 1266 ”
1095 1275 1149 1328 440
1182 1326 1183 1330 Ἰ

97 1364 288 1420 cessantem
305 1352 399 1428 vidit,
419 1374 487 1417 non
507 1352 705 1437 Hesperus:
730 1352 790 1416 illa
806 1353 940 1419 duabus

96 1457 317 1522 flammiferas
333 1459 434 1543 pinus
453 1458 612 1523 manibus
629 1458 806 1529 succendit
823 1460 865 1523 ab
882 1457 1009 1535 Aetna,

96 1585 224 1649 perque
242 1565 419 1648 pruinosas
436 1565 511 1628 tulit
525 1565 716 1651 inrequieta
732 1565 901 1629 tenebras.

95 1671 212 1734 rur'sus
228 1669 286 1734 ubi
305 1670 396 1734 alma
413 1671 486 1734 dies
504 1671 682 1734 hebetarat
696 1672 823 1746 sidera,
843 1680 959 1737 natam

95 1776 176 1841 solis
194 1776 236 1839 ab
253 1796 379 1840 occasu
396 1777 477 1840 solis
494 1778 681 1862 quaerebat
697 1779 741 1841 ad
758 1789 863 1843 ortus.
1093 1809 1145 1865 445
1197 1831 1200 1836 .

93 1883 185 1946 fessa
203 1883 319 1947 labore
337 1882 426 1946 sitim
443 1884 643 1971 collegerat,
655 1906 789 1970 ⁴oraque
806 1884 891 1949 nulli

94 1989 284 2054 colluerant
299 1989 428 2064 fontes3
454 2011 533 2054 cum
549 2000 679 2055 tectam
690 1991 852 2059 stramine
870 1990 952 2056 vidit

93 2095 179 2159 sorte
196 2116 325 2170 casam,
345 2117 538 2181 parvasque
554 2097 644 2161 fores
662 2099 829 2181 pulsavit:
854 2109 888 2161 at
903 2098 983 2161 inde

93 2200 321 2285 proditanuS,
339 2187 523 2288 divamque
538 2203 643 2276 videt,
662 2205 911 2289 lymphamque
927 2201 1062 2288 roganti

94 2307 194 2371 dulce
211 2308 316 2383 dedit,
334 2317 421 2372 tosta
439 2310 530 2393 quod
547 2321 680 2373 texerat
697 2320 773 2372 ante
791 2311 941 2392 polenta.
1091 2338 1145 2394 450

93 2415 175 2483 dum
192 2413 276 2480 bibit
291 2413 349 2478 illa
366 2415 497 2489 datum,
516 2415 591 2479 duri
609 2437 694 2500 puer
709 2415 777 2480 oris
794 2426 827 2479 et
843 2415 958 2478 audax

94 2519 241 2584 constitit
258 2531 336 2585 ante
354 2520 469 2597 deam,
487 2521 641 2607 risitque,
660 2522 865 2607 avidamque
881 2521 1027 2586 vocavit·
1140 2591 1143 2595 ,
1180 2531 1183 2538 “
1218 2536 1220 2538 ’

92 2626 225 2690 offensa
242 2638 312 2700 est3
337 2649 449 2713 neque
467 2628 581 2692 adhuc
599 2639 699 2713 epota
716 2639 811 2714 parte
828 2628 1023 2713 loquentem

93 2751 171 2795 cum
190 2732 317 2817 liquido
335 2735 440 2797 mixta
460 2735 609 2818 perfudit
626 2735 704 2799 diva
723 2735 871 2818 polenta.

93 2838 255 2902 combibit
270 2861 308 2903 os
322 2841 486 2915 maculas,
503 2852 535 2904 et
551 2862 640 2926 quae
656 2842 755 2905 modo
772 2840 934 2910 bracchia
952 2838 1070 2926 gessit,
1091 2868 1141 2924 453

92 2965 192 3008 crura
209 2946 317 3031 gerit3
343 2947 454 3011 cauda
471 2959 522 3011 est
538 2947 673 3012 mutatis
692 2947 807 3012 addita
824 2947 1006 3012 membris:

91 3051 194 3136 inque
211 3053 348 3116 brevem
366 3052 524 3130 formam,
543 3075 587 3118 ne
604 3054 646 3119 sit
661 3054 712 3118 vis
730 3075 857 3141 magna
873 3052 1034 3127 nocendi,

92 3159 313 3233 contrahitur,
332 3180 504 3245 parvaque
523 3161 634 3224 minor
651 3182 811 3225 mensura
828 3161 955 3224 lacerta
973 3170 1032 3223 est.

91 3263 270 3327 mirantem
286 3264 493 3351 flentemque
511 3277 544 3331 et
559 3278 702 3354 tangere
720 3278 870 3331 monstra
886 3278 1065 3351 parantem

91 3370 178 3456 sugit
195 3390 312 3445 anum,
331 3373 565 3459 latebramque
582 3374 684 3458 petit;
710 3385 894 3460 aptumque
912 3373 1016 3439 colori
1085 3389 1140 3455 460

89 3497 215 3540 nomen
233 3477 347 3552 habet,
367 3478 470 3543 variis
487 3480 639 3544 stellatus
656 3501 798 3563 corpora
815 3481 931 3566 guttis.

136 3580 234 3665 Qas
253 3583 317 3647 dea
334 3605 396 3668 per
412 3595 518 3648 terras
536 3597 568 3648 et
584 3607 669 3670 quas
686 3587 849 3650 erraverit
864 3587 987 3662 undae,

89 3678 203 3752 dicere
221 3688 331 3776 longa,
343 3710 437 3755 mora
455 3700 516 3753 est.
568 3689 757 3774 Quaerenti
775 3691 880 3757 defuit
896 3693 1007 3756 orbis:

88 3793 267 3859 Sicaniam
283 3795 423 3881 repetit3
449 3796 598 3882 dumque
615 3797 731 3862 omnia
746 3798 865 3862 lustrat
882 3798 1008 3872 eundo,
