2476 4148
96 141 122 195 1.
141 140 219 212 215.]
414 119 486 186 Tae
513 120 685 208 Guiltrff
697 121 854 210 Lycaon.
949 103 960 151 1
1108 143 1146 188 11

143 317 251 385 ‘Non
268 338 335 406 ego
351 338 413 404 pro
430 318 549 383 mundi
565 339 674 407 regno
690 318 803 406 magis
820 319 943 385 anxius
960 319 1018 385 illa

94 436 297 512 tempestate
314 424 376 500 sui,
394 446 463 511 qua
480 437 616 490 centum
632 426 777 513 quisque
795 427 939 512 parabat
1067 414 1069 418 Α

96 531 224 596 inicere
242 529 477 618 anguipedum
494 532 629 617 captivo
645 532 787 597 brachia
804 535 912 599 caelo.

96 659 178 702 nam
194 657 404 724 quamquam
421 636 512 702 ferus
529 637 635 703 hostis
651 650 736 714 erat,
754 649 869 705 tamen
886 639 970 707 illud
988 641 1031 707 ab
1047 662 1117 708 uno

96 765 240 829 corpore
257 753 349 809 etex
365 763 435 807 una
451 743 624 829 pendebat
638 744 772 832 origine
789 745 931 811 bellum.

96 869 190 916 nunc
206 849 290 914 mihi
306 871 374 937 qua
390 859 496 914 totum
513 848 650 916 Nereus
666 851 895 917 circumsonat
911 852 1041 930 orbem,

96 957 311 1044 perdendum
327 966 379 1022 est
396 957 536 1021 mortale
553 977 678 1044 genus.
727 956 795 1022 Per
810 957 954 1024 flumina
965 959 1044 1048 juro

96 1063 206 1127 infera
222 1062 286 1128 sub
302 1073 410 1127 terras
426 1060 551 1149 Stygio
567 1062 718 1128 labentia
734 1063 824 1139 luco,

96 1179 221 1234 cuncta
237 1167 331 1255 prius
347 1178 532 1255 temptata3
558 1168 619 1234 sed
635 1155 876 1236 inmedicabile
892 1172 1018 1238 vulnus
1099 1205 1150 1262 ¹90

97 1296 180 1342 ense
196 1273 419 1341 recidendum
436 1283 500 1352 est,
517 1295 561 1340 ue
577 1295 658 1361 pars
674 1274 809 1342 sincera
824 1278 992 1343 trahatur.

97 1392 176 1447 sunt
191 1380 275 1448 mihi
291 1379 446 1458 semidei,
464 1391 543 1446 suut
558 1380 684 1446 rustica
700 1382 855 1458 numina,
875 1385 1065 1471 nymphae,

97 1487 260 1575 faunique
276 1486 450 1575 satyrique
466 1497 500 1553 et
516 1486 721 1552 monticolae
736 1487 884 1553 Silvani.

96 1615 183 1681 quos
198 1593 361 1680 quoniam
377 1593 465 1658 caeli
482 1594 634 1659 nondum
652 1593 838 1681 dignamur
854 1596 997 1674 honore,

96 1720 183 1787 quas
199 1698 368 1776 dedimus,
387 1710 478 1765 certe
495 1710 602 1766 terras
618 1701 772 1766 habitare
789 1700 954 1768 sinamus.
1100 1735 1147 1793 195

97 1828 143 1871 an
159 1806 254 1882 satis,
272 1805 305 1871 O
322 1805 449 1892 superi,
467 1816 557 1873 tutos
574 1806 645 1872 sore
662 1807 800 1873 creditis
816 1807 907 1884 illos,

97 1933 176 1978 cum
194 1911 290 1988 mihi,
308 1912 366 1999 qui
383 1911 526 1990 fulmen,
543 1913 679 1999 quivos
696 1914 874 2002 habeoque
891 1936 1056 2004 regoque,

96 2018 256 2085 struxerit
272 2018 413 2084 insidias
430 2031 528 2086 notus
545 2019 677 2085 feritate
693 2019 879 2108 Lycaoni?

73 2148 77 2156 ·
141 2124 389 2192 Contremuere
405 2146 538 2202 omnes,
557 2127 744 2214 studiisque
766 2128 964 2194 ardentibus
980 2150 1100 2196 ausum

96 2232 178 2298 talia
194 2232 396 2317 deposcunt.
444 2231 516 2307 Sic,
535 2254 614 2297 cum
632 2255 753 2299 manus
769 2234 875 2320 impia
891 2234 999 2300 saevit
1095 2269 1148 2308 200

97 2338 266 2427 sanguine
285 2337 459 2405 Caesarea
475 2338 676 2404 Romanum
691 2339 911 2427 exstinguere
927 2362 1067 2417 nomen,

97 2443 274 2509 attonitum
290 2455 384 2510 tanto
400 2444 532 2511 subitae
549 2456 676 2511 terrore
692 2446 812 2512 ruinae

96 2552 285 2615 humanum
302 2571 413 2639 genus
428 2562 480 2618 est
494 2563 652 2640 totusque
668 2553 861 2639 perhorruit
876 2555 980 2622 orbis.

95 2678 161 2722 nec
176 2656 235 2723 tibi
252 2669 350 2745 grata
367 2658 480 2724 minus
495 2658 617 2745 pietas,
635 2658 807 2748 Auguste,
825 2672 960 2728 tuorum
977 2673 1040 2741 est,

95 2784 198 2850 quam
215 2764 278 2829 suit
293 2764 352 2829 illa
363 2764 454 2851 Jovi.
504 2763 576 2851 Qu
592 2778 772 2853 postquam
789 2790 875 2835 voce
893 2791 1066 2857 manuque
1097 2798 1148 2856 205

95 2891 270 2935 murmura
287 2871 502 2956 compressit,
519 2882 659 2938 tenuere
676 2873 811 2940 silentia
828 2876 953 2941 cuncti.

95 2977 240 3042 substitit
255 2989 292 3042 ut
308 2978 450 3053 clamor,
469 2999 607 3063 pressus
623 2981 791 3068 gravitate
808 2981 973 3070 regentis,

89 3082 247 3169 Juppiter
263 3084 329 3148 hoc
345 3083 467 3149 iterum
484 3105 642 3151 sermone
659 3087 794 3152 silentia
810 3088 921 3173 rupit:

140 3188 228 3255 ‘Ille
243 3189 384 3276 quidem
401 3211 531 3276 poenas
552 3193 690 3280 (curam
706 3193 798 3260 hanc
813 3193 986 3282 dimittite)
1007 3195 1129 3262 solvit:

92 3296 185 3382 quod
200 3307 316 3362 tamen
333 3297 535 3375 admissum,
554 3320 644 3386 quae
660 3299 702 3365 sit
717 3300 879 3376 vindicta,
898 3301 1043 3368 docebo.
1095 3335 1147 3373 210

93 3403 284 3491 contigerat
300 3416 433 3471 nostras
450 3405 591 3470 infamia
608 3406 771 3491 temporis
787 3428 908 3474 aures:

92 3529 197 3595 quam
214 3510 356 3597 cupiens
372 3511 509 3586 salsam,
527 3533 662 3577 summo
678 3513 819 3578 delabor
835 3513 1001 3601 Olympo,

92 3624 126 3680 et
141 3615 226 3682 deus
242 3619 395 3685 humana
411 3618 517 3683 lustro
534 3619 598 3683 sub
614 3618 766 3706 imagine
782 3630 902 3685 terras.

92 3721 198 3811 longa
215 3746 312 3790 mora
327 3734 391 3799 est,
409 3735 574 3811 quantum
592 3746 704 3790 noxae
721 3726 763 3791 sit
779 3725 905 3812 ubique
921 3736 1108 3811 repertum,

90 3848 316 3906 enumerare3
341 3830 453 3897 minor
469 3829 531 3896 fuit
546 3829 621 3918 ipsa
638 3830 780 3896 infamia
796 3853 891 3898 vero.
1092 3864 1122 3902 21
1128 3861 1143 3919 ς
