2476 4148
85 203 176 259 VIII.
193 181 266 273 5452]
418 180 537 248 Deatk
562 181 610 265 of
621 178 816 264 Meleager.

86 380 239 468 ignibus,
258 401 300 445 ac
316 400 461 467 magnos
478 385 617 462 superat
631 375 753 440 virtute
770 374 916 439 dolores.

86 487 180 573 quod
196 497 311 550 tamen
327 487 454 573 ignavo
470 484 572 548 cadat
587 491 620 546 et
635 480 709 545 sine
726 480 895 567 sanguine
910 481 991 557 leto,

86 602 230 667 maeret,
249 604 282 656 et
297 590 431 656 Ancaei
448 589 560 655 felicia
578 588 721 652 vulnera
737 587 837 660 di'cit3

88 698 394 786 grandaevumque
411 707 542 782 patrem
560 694 748 778 fratresque
766 693 908 778 piasque
925 714 1058 758 sorores
1086 723 1137 779 520

88 823 167 868 cum
185 804 327 890 gemitu,
346 801 543 887 sociamque
559 798 622 863 tori
637 809 739 863 vocat
753 819 812 863 ore
829 820 1009 882 suprem03

88 909 228 974 forsitan
245 918 279 973 et
294 918 448 972 matrem.
496 905 666 972 Crescunt
682 904 840 991 ignisque
857 905 1034 990 dolorque,

89 1016 384 1102 languescuntque
400 1011 520 1077 iterum
535 1012 554 1073 τ’
568 1011 669 1075 simul
686 1021 737 1075 est
754 1009 938 1075 exstinctus
954 1020 1109 1097 uterque,

88 1119 192 1206 inque
208 1119 301 1184 leves
318 1118 399 1183 abiit
415 1115 579 1205 paulatim
598 1115 734 1201 spiritus
752 1136 854 1181 auras

89 1226 255 1312 paulatim
270 1246 358 1291 cana
375 1244 521 1311 prunam
537 1223 672 1289 velante
689 1222 819 1287 favilla.
1088 1252 1137 1309 525

133 1329 216 1395 Alta
228 1331 321 1419 jacet
336 1330 521 1418 Calydon:
545 1329 665 1416 lugent
677 1328 888 1416 juvenesque
904 1348 1086 1415 senesque,

88 1438 283 1525 vulgusque
300 1456 527 1522 proceresque
544 1445 700 1522 gemunt,
720 1434 915 1521 scissaeque
932 1435 1075 1520 capillos

89 1543 302 1631 planguntur
318 1552 442 1608 matres
459 1540 694 1628 Calydonides
711 1539 904 1606 Eueninae.

89 1651 232 1735 pulvere
249 1649 409 1714 canitiem
427 1648 562 1736 genitor
578 1647 758 1733 vultusque
775 1647 900 1712 seniles

88 1755 204 1820 foedat
220 1755 315 1820 humi
332 1756 440 1831 susus,
459 1754 714 1839 spatiosumque
731 1753 886 1838 increpat
901 1774 1038 1818 aevum.

88 1879 170 1923 nam
188 1859 231 1923 de
248 1868 355 1923 matre
371 1879 494 1922 manus
511 1857 575 1922 diri
593 1857 657 1921 sibi
673 1857 811 1922 conscia
828 1856 909 1922 sacti
1089 1886 1141 1942 530

88 1963 206 2052 exegit
223 1984 364 2049 poenas,
385 1974 460 2028 acto
477 1984 539 2048 per
554 1963 687 2027 viscera
705 1963 803 2028 ferro.

87 2093 159 2136 non
176 2071 259 2134 mihi
276 2070 303 2136 si
320 2080 457 2135 centum
474 2070 559 2135 deus
577 2089 639 2134 ora
656 2069 811 2134 sonantia
828 2068 969 2157 linguis,

87 2180 335 2269 ingeniumque
352 2199 477 2264 capax,
495 2188 670 2264 totumque
689 2175 859 2242 Helicona
877 2176 1039 2253 dedisset,

86 2287 194 2353 tristia
212 2307 437 2373 persequerer
453 2284 655 2351 miserarum
673 2283 763 2348 dicta
781 2305 948 2348 sororum.

87 2393 296 2460 inmemores
314 2377 446 2459 decoris
464 2391 603 2456 liventia
621 2401 759 2476 pectora
775 2389 941 2464 tundunt3
1090 2424 1140 2482 555

86 2503 238 2589 dumque
254 2514 369 2568 manet
385 2523 521 2589 corpus,
539 2523 662 2589 corpus
679 2501 898 2591 refoventque
915 2503 1117 2591 foventque3

87 2609 206 2673 oscula
223 2610 306 2673 dant
321 2608 399 2694 ipsi,
419 2610 528 2695 posito
546 2609 628 2674 dant
645 2610 763 2674 oscula
780 2610 888 2684 lecto;

87 2724 165 2801 post
182 2714 331 2779 cinerem
349 2715 481 2781 cineres
498 2717 639 2781 haustos
656 2716 700 2781 ad
717 2727 855 2802 pectora
872 2727 1048 2802 pressant3

88 2822 299 2908 adfusaeque
313 2821 431 2910 jacent
446 2821 590 2899 tumulo,
610 2822 812 2910 signataque
829 2844 914 2888 saxo

87 2928 228 2992 nomina
246 2928 448 3012 complexae
464 2927 624 2992 lacrimas
642 2929 677 2992 in
695 2929 834 2993 nomina
852 2929 1008 2993 fundunt.
1088 2961 1139 3017 540

88 3054 174 3121 quas
191 3032 421 3099 Parthaoniae
436 3033 576 3097 tandem
592 3031 739 3098 Latonia
756 3034 854 3098 clade

87 3139 254 3204 exsatiata
271 3140 406 3215 domus,
425 3149 559 3223 praeter
574 3137 785 3225 Gorgenque
801 3161 1009 3226 nurumque,

89 3244 211 3310 nobilis
227 3243 433 3320 Alcmenae,
451 3244 539 3309 natis
555 3243 590 3307 in
607 3265 748 3329 corpore
765 3245 886 3329 pennis

88 3349 225 3424 allevat,
244 3360 277 3414 et
293 3350 415 3437 longas
432 3371 493 3434 per
507 3350 670 3414 bracchia
687 3351 829 3437 porrigit
846 3352 932 3427 alas,

88 3475 282 3541 corneaque
298 3476 357 3520 ora
373 3455 466 3530 facit,
483 3477 669 3542 versasque
685 3476 746 3541 per
763 3461 842 3521 aera
860 3457 969 3522 mittit.
1085 3488 1136 3545 545
