2476 4148
131 172 197 243 140
362 153 434 221 Tre
468 154 614 223 Wisdom
638 156 686 242 ff
698 154 805 244 King
823 152 965 230 Numa...
1035 174 1187 250 [Mum.

129 372 173 416 ne
189 349 304 426 facite,
323 361 356 416 et
372 350 507 416 monitis
524 352 661 418 animos
674 352 837 423 advertite
854 352 1001 428 nostris:
1132 386 1185 438 ψ

130 477 276 543 cumque
293 457 397 522 houm
414 457 537 522 dabitis
554 478 734 527 caesorum
749 459 904 530 membra
920 460 1054 543 palato„

131 565 294 628 mandere
311 585 372 628 vos
388 574 517 628 vestros
534 564 615 631 scite
632 575 665 628 et
681 563 801 634 sentite
817 565 969 637 colonos.

177 681 185 711 ‘
202 670 258 746 Et,
273 670 436 757 quoniam
453 671 538 735 deus
554 690 614 735 ora
628 680 754 745 movet,
769 691 893 757 sequar
909 692 971 741 ora
986 683 1187 750 monentem

130 777 193 841 rite
210 778 326 853 deum,
346 777 571 862 Delphosque
587 796 682 842 meos
698 775 880 862 ipsumque
897 778 1080 853 reclardam¹

132 885 271 948 aethera
288 893 320 948 et
337 894 507 970 augustae
520 883 682 949 reserabo
698 882 840 954 oracula
855 883 992 958 mentis,
1133 916 1182 972 145

131 1011 272 1076 magna,
291 1011 356 1055 nec
372 989 520 1077 ingeniis
538 987 727 1079 evestigata
745 988 909 1073 priorum,

131 1117 287 1183 quaeque
304 1097 362 1162 diu
378 1097 520 1171 latuere,
539 1115 676 1160 canam.
720 1093 828 1179 Juvat
842 1092 890 1161 ire
906 1097 1054 1181 peralta

131 1213 222 1267 astra
235 1225 243 1277 ;
264 1202 361 1291 juvat
375 1203 478 1270 terris
489 1213 523 1267 et
537 1200 637 1266 inerti
652 1200 869 1293 sedetel'rcta

130 1309 222 1373 nube
238 1308 328 1383 vehi,
345 1307 517 1394 validique
535 1306 685 1377 humeris
702 1305 859 1376 insistere
873 1305 1045 1383 Atlantis3

131 1415 354 1500 palantesque
371 1414 527 1479 homines
543 1413 673 1498 passim
688 1433 731 1477 ac
747 1411 886 1485 ration-is
903 1425 1048 1500 egentes
1132 1445 1188 1501 1250

131 1521 330 1605 despectare
347 1520 478 1605 procul,
496 1520 714 1604 trepidosque
730 1517 929 1605 ostrumque
944 1519 1103 1602 timentes

131 1626 181 1692 sic
197 1626 382 1701 exhortari,
400 1626 591 1712 seriemque
607 1626 765 1695 evolvere
781 1623 859 1699 satir

179 1730 235 1796 ‘O
252 1752 363 1817 genus
380 1731 560 1802 attonitum,
573 1731 709 1818 gelidae
726 1729 913 1805 formidine.
923 1730 1041 1807 mortis
1055 1730 1067 1809 12

130 1837 213 1922 quid
231 1837 356 1924 Styga,
374 1837 455 1924 quid
471 1838 629 1909 tenebras
646 1849 679 1909 et
695 1835 840 1914 nomina,
851 1857 947 1914 vana
958 1837 1097 1915 timetis„

132 1942 308 2008 materiem
324 1954 454 2019 vatum,
472 1943 616 2029 salsique
633 1944 787 2028 pericula
803 1942 947 2019 mundi?
1134 1974 1188 2032 ¹55

128 2069 275 2133 *corpora
292 2049 364 2118 sive
380 2071 486 2135 rogus
501 2049 653 2123 flamma,
673 2069 734 2123 seu
750 2050 828 2115 tabe
844 2061 996 2130 vetustas

133 2156 320 2229 abstulerit,
338 2155 432 2225 mala
447 2171 547 2239 posse
564 2154 636 2239 pati
650 2177 719 2219 non
734 2155 807 2220 ulla
823 2155 965 2239 putetis,.‚

131 2273 239 2325 morte
256 2272 372 2325 carent
389 2261 536 2336 animae,
555 2282 771 2347 semperque,
789 2261 901 2347 priore
917 2260 1035 2339 relicta

132 2369 226 2442 sede,
246 2367 341 2433 novis
359 2366 516 2438 domibus
532 2367 649 2431 vivunt
665 2367 893 2453 habitantque.
903 2379 1075 2454 receptae.

131 2474 206 2558 ipse
223 2494 288 2559 ego
301 2509 345 2521 -
358 2494 438 2536 narn
457 2472 653 2542 memini—
665 2472 807 2559 Trojani
823 2485 977 2560 tempor-e
993 2477 1081 2553 belli¹
1132 2493 1189 2559 ιφ

131 2579 340 2649 Panthoides
357 2578 564 2663 Euphorbus
581 2599 690 2655 eram,
709 2579 763 2644 cui
781 2591 920 2664 pectore
936 2583 1118 2668 quondam,

132 2685 242 2750 haesit
258 2684 292 2748 in
309 2685 452 2751 adverso
469 2684 585 2771 gravis
601 2685 700 2761 hasta
717 2685 857 2764 minoris
873 2687 1038 2769 Atridae„
1168 2686 1172 2695 ⁴

132 2790 278 2876 cognovi
295 2790 456 2874 clipeum,
475 2790 594 2864 laevae
611 2792 805 2877 gestamina
821 2807 979 2877 nostrae„

130 2917 241 2980 nuper
255 2893 424 2960 Abanteis
440 2897 569 2980 templo
580 2895 727 2981 Junonis
744 2900 779 2978 in
796 2898 915 2988 Argis.

177 3014 186 3043 ⁶
202 3001 329 3067 Omnia
346 3011 539 3078 mutanturz
563 3003 653 3090 nihil
666 3005 791 3075 interit.
839 3007 955 3087 Errat,
967 3018 1002 3090 et·
1015 3005 1119 3091 illinc-
1133 3024 1190 3096 rog·

131 3110 200 3173 huc
216 3108 320 3184 venit,
339 3109 419 3183 hinc
434 3109 528 3184 illuc,
547 3120 581 3175 et
597 3112 767 3197 quoslibet
782 3123 928 3198 occupat
944 3123 1045 3195 artua

130 3215 280 3299 spiritus,
298 3235 385 3301 eque
401 3214 482 3293 seris
500 3217 651 3282 humana
668 3219 704 3282 in
721 3239 867 3303 corpora,
880 3219 1020 3301 transit,¹

129 3321 232 3406 inque
250 3321 339 3386 seras
355 3334 483 3398 noster,
502 3347 567 3390 nec
582 3337 737 3409 tempore
754 3325 885 3410 deperit
899 3326 983 3410 ulio,

112 3429 115 3434 ’
129 3438 234 3512 utque
250 3427 347 3493 novis
363 3429 475 3505 facilis
492 3432 649 3519 signatur
666 3451 746 3497 cera
762 3431 894 3518 figuris,

130 3555 195 3598 nec
212 3547 326 3613 manet
341 3547 379 3601 ut
396 3539 519 3613 suerat,
538 3559 603 3603 nec
619 3537 749 3611 formas
765 3548 878 3613 servat
893 3537 1049 3621 easdem,
1132 3567 1184 3622 170

130 3641 192 3706 sed
208 3654 322 3708 tamen
339 3645 414 3730 ipsa
431 3645 552 3709 eadem
570 3656 637 3725 est,¹
649 3644 803 3723 animam·
816 3644 1188 3731 sic*semper>-qttrrdern1

130 3769 219 3826 esse,
238 3751 299 3816 sed
315 3751 351 3815 in
367 3749 481 3829 varias
497 3750 606 3830 doceo
622 3749 772 3837 migrare
788 3749 937 3837 figuras·¹

130 3878 215 3946 ergo
227 3895 271 3907 -
284 3878 349 3923 nec
364 3856 473 3943 pietas
490 3857 532 3922 sit
547 3856 636 3922 victa
653 3855 814 3942 cupidine
830 3855 1014 3942 ventris-.-
