2476 4148
117 153 164 221 44
372 116 540 196 'Perseus
563 133 637 198 and
657 130 895 199 Andromeda.
1024 124 1169 220 [ΜἘΤΑΜ,

117 328 198 392 huic
214 347 350 413 quoque
368 324 491 391 ‘Vade
512 329 645 412 procul,
664 350 707 392 ne
724 329 828 415 longe
844 327 955 414 gloria
972 349 1101 405 rerum,

118 455 222 520 quam
239 430 1012 519 mentiris‚'ait‘longetibiJuppiterabsit3’
1058 426 1070 446 ’
1118 450 1169 520 650

117 541 255 625 vimque
272 537 373 602 minis
390 537 496 612 addit,
516 540 740 624 manibusque
758 540 930 623 expellere
947 550 1090 625 temptat

119 657 344 720 cunctantem,
362 655 395 707 et
411 643 556 727 placidis
574 645 773 710 miscentem
790 645 888 708 fortia
904 645 1015 710 dictis.

161 752 301 817 Viribus
317 749 598 834 inferior-quis
614 750 706 814 enim
723 771 785 834 par
802 761 891 815 esset
905 748 1037 815 Atlanti
1055 832 1057 836 y

117 857 321 923 viribus?-
335 854 404 920 ‘At
418 855 582 941 quoniam
599 856 696 940 parvi
713 855 771 919 tibi
789 855 900 941 gratia
917 867 1032 921 nostra
1048 868 1112 933 est,

118 965 236 1050 accipe
253 962 402 1037 munus‚'
420 961 467 1026 ait
478 983 487 1035 ;
513 962 680 1047 laevaque
698 982 717 1024 a
734 973 830 1045 parte
847 960 1016 1028 Medusae
1114 980 1165 1049 655

117 1072 190 1156 ipse
207 1082 414 1134 retroversus
432 1067 623 1153 squalentia
640 1067 787 1151 prodidit
803 1088 876 1132 ora.

116 1189 262 1264 quantus
280 1187 363 1251 erat,
381 1196 477 1239 mons
495 1173 605 1237 sactus
617 1171 737 1237 Atlas:
756 1190 836 1238 nam
853 1174 960 1240 barba
976 1196 1166 1262 comaeque

116 1284 151 1347 in
168 1283 270 1347 silvas
288 1283 425 1357 abeunt,
441 1281 528 1367 juga
546 1289 625 1344 sunt
641 1279 842 1365 humerique
860 1302 1074 1367 manusque3

116 1390 206 1476 quod
223 1398 325 1472 caput
338 1398 419 1452 'ante
436 1387 510 1460 suit,
530 1408 665 1451 summo
681 1397 732 1450 est
747 1387 782 1449 in
800 1398 913 1452 monte
930 1407 1121 1464 cacumen3

114 1516 192 1560 ossa
208 1495 295 1579 lapis
312 1495 408 1559 fiunt.
456 1492 550 1556 Tum
566 1503 680 1578 partes
697 1503 816 1559 auctus
833 1492 868 1559 in
884 1514 1003 1559 omnes
1113 1511 1167 1569 660
1205 1568 1206 1572 Ἰ

115 1603 219 1667 crevit
234 1602 269 1665 in
286 1601 491 1666 immensum
502 1599 608 1664 -sic
624 1600 659 1665 di
676 1594 935 1667 statuistis-et
950 1621 1054 1668 omne

114 1728 192 1772 curn
208 1718 256 1772 tot
272 1707 437 1772 sideribus
455 1706 590 1771 caelum
607 1706 773 1792 requievit
787 1706 822 1773 in
839 1706 935 1771 illo·

158 1812 339 1879 Clauserat
356 1813 571 1897 Hippotades
588 1825 728 1885 aeterno
745 1834 883 1878 carcere
899 1825 1033 1892 ventos,
1129 1884 1132 1889 ,

114 1920 370 2005 admonitorque
386 1941 528 2005 operum
546 1922 643 1987 caelo
660 1919 869 1987 clarissimus
887 1921 954 1986 alto

113 2025 253 2090 Lucifer
269 2037 361 2090 ortus
378 2036 461 2090 erat.
512 2024 640 2091 Pennis
658 2026 745 2113 ligat
760 2027 818 2091 ille
834 2026 1017 2112 resumptis
1110 2046 1164 2118 ⁶⁶5

113 2143 208 2217 parte
226 2132 268 2197 ab
285 2143 427 2218 utraque
445 2132 563 2216 pedes,
582 2133 718 2217 teloque
734 2133 928 2220 ‘accingitur
943 2154 1047 2211 unce,

113 2248 145 2304 et
161 2239 326 2325 liquidum
344 2237 441 2302 motis
457 2238 621 2303 talaribus
639 2243 719 2302 aera
736 2239 846 2303 findit.

112 2346 271 2433 gentibus
287 2344 474 2410 innumeris
491 2344 688 2430 circumque
705 2345 862 2431 infraque
880 2346 1020 2423 relictis,

111 2451 321 2536 Aethiopum
339 2451 482 2536 populos
500 2450 712 2537 Cepheaque
731 2452 897 2536 conspicit
912 2473 1007 2517 arva.

111 2559 182 2624 illic
198 2558 400 2622 immeritam
417 2567 592 2621 maternae
609 2559 759 2642 pendere
777 2558 917 2644 linguae
1108 2577 1166 2645 67o

110 2663 358 2730 Andromedan
376 2685 505 2748 poenas
522 2663 661 2727 immitis
674 2663 825 2750 jusserat
840 2663 1005 2729 Ammon.
1098 2734 1101 2740 ,
1128 2708 1133 2715 -

157 2770 271 2856 Quam
289 2769 390 2834 simul
407 2770 451 2835 ad
468 2769 571 2834 duras
587 2770 768 2857 religatam
784 2771 948 2848 bracchia
965 2784 1082 2838 cautes

109 2877 193 2942 vidit
208 2875 432 2950 Abantiades
445 2875 564 2940 -nisi
582 2878 673 2961 quod
690 2876 775 2941 levis
793 2899 877 2941 aura
895 2877 1038 2963 capillos

109 2993 274 3057 moverat,
293 2993 325 3046 et
340 2981 454 3067 tepido
472 2984 659 3047 manabant
675 2984 805 3048 lumina
822 2984 916 3059 fietu,

109 3111 337 3154 marmoreum
352 3099 446 3153 ratus
463 3099 552 3153 esset
568 3091 822 3175 opus-trahit
838 3091 966 3156 inscius
982 3091 1096 3179 igneS,

108 3199 141 3272 et
157 3206 280 3281 stupet,
299 3205 331 3259 et
346 3195 441 3259 visae
459 3207 635 3281 correptus
652 3197 804 3285 imagine
820 3198 963 3274 formae,

107 3324 218 3388 paene
234 3322 314 3366 suas
331 3312 470 3386 quatere
488 3313 539 3367 est
554 3303 678 3367 oblitus
695 3303 730 3366 in
747 3311 828 3368 aere
845 3325 988 3389 pennas.
1074 3318 1076 3323 '

107 3419 143 3472 ut
159 3408 258 3482 stetit,
276 3407 345 3472 ‘0’
362 3408 447 3474 dixit
463 3410 549 3474 ‘non
567 3408 637 3473 istis
655 3409 761 3496 digna
778 3411 921 3486 catenis

107 3515 166 3579 sed
185 3514 305 3600 quibus
324 3514 411 3578 inter
428 3536 464 3580 se
482 3514 597 3599 cupidi
609 3514 801 3601 junguntur
817 3529 984 3594 amantem
1136 3588 1141 3597 ,

77 3704 80 3708 ’
105 3621 218 3706 pande
236 3620 419 3706 requirenti
436 3640 561 3683 nomen
577 3630 754 3705 terraeque
771 3631 946 3708 tuumque,
1102 3641 1157 3699 680

105 3739 138 3791 et
154 3749 214 3791 cur
230 3727 344 3792 vincla
361 3724 487 3813 geras?
533 3722 649 3788 Primo
666 3725 742 3789 silet
758 3725 829 3800 illa,
848 3748 911 3791 nec
928 3729 1030 3795 audet

104 3835 280 3921 appellare
296 3833 407 3898 virum
423 3830 544 3918 virg03
569 3831 794 3917 manibusque
811 3834 982 3901 modestos
