2476 4148
112 92 177 184 146
347 93 418 160 The
452 93 611 180 Worship
632 93 681 177 (ff
692 91 934 181 AEsculapt'use
1014 110 1170 185 [Mffltts.

109 290 293 357 concilium
310 288 502 376 Graiosque
518 301 633 374 patres
649 289 779 366 adiere,
797 289 999 377 darentque,
1108 307 1161 376 645

108 420 261 472 oravere,
282 398 398 470 deum,
418 397 475 481 qui
492 417 657 480 praeseus
673 396 795 461 funera
810 396 931 484 gentis·
1039 425 1041 429 ¹

108 505 203 568 finiat
219 503 418 568 Ausoniae:
446 515 555 566 certas
572 503 618 565 ita
635 502 749 568 dicere
766 515 887 568 sortes.

153 611 304 675 Dissidet
321 621 354 675 et
368 608 479 673 variat
495 608 682 682 sententia3
707 629 857 696 parsque
873 609 1077 697 negandum

107 738 176 780 non
193 728 287 801 putat
303 716 492 789 auxilium3
518 715 615 779 multi
630 714 790 791 retinere,
808 736 977 803 suamque

107 842 176 885 non
194 820 345 886 emittere
362 841 476 905 opem,
496 840 561 884 nec
577 818 725 891 numina
735 819 869 884 tradere
886 810 1045 903 suadent.
1107 835 1160 907 650

107 928 189 991 dum
205 927 371 1003 dubitant,
391 948 504 992 seram
521 926 684 1010 pepulere
700 927 905 1010 crepuscula
919 927 1055 1006 lucem,‚

106 1035 294 1120 umbraque
311 1034 441 1099 telluris
458 1034 617 1098 tenebras
633 1031 815 1097 induxerat
830 1031 904 1098 orbi
916 1054 934 1096 :-

106 1160 184 1204 cum
201 1141 286 1206 deus
301 1141 337 1204 in
354 1141 482 1206 somnis
499 1139 609 1223 opifer
626 1139 810 1203 consistere
825 1137 920 1204 visus

106 1256 184 1311 ante
200 1257 308 1321 tuum,
327 1247 501 1320 Romane,
520 1256 644 1321 torum,
664 1245 724 1309 sed
741 1245 852 1330 qualis
870 1245 905 1325 iu
922 1244 1020 1331 aede

105 1373 181 1417 esse
197 1354 294 1429 solet,
312 1354 542 1438 baculumque
560 1361 680 1415 tenens
697 1363 833 1438 agreste
850 1351 999 1428 sinistra,
1104 1365 1157 1437 ⁶55

105 1460 293 1524 caesariem
309 1460 435 1546 longae
453 1460 573 1523 dextra
590 1457 761 1534 deducere
778 1458 928 1537 barbae&

104 1576 137 1629 et
153 1566 288 1650 placido
304 1566 390 1633 tales
407 1565 558 1630 emittere
575 1574 713 1648 pectore
729 1584 832 1640 voces
845 1588 861 1627 n

151 1671 270 1737 ‘Pone
295 1683 404 1737 metus
416 1694 425 1746 3
459 1670 609 1745 veniam,
636 1669 889 1758 simulacraque
913 1681 1035 1749 nostra,
1052 1669 1165 1752 reliu-¹

239 1800 363 1865 quam:

103 1884 195 1948 hunc
213 1885 313 1948 modo
330 1894 536 1967 serpentem,
554 1883 717 1956 baculum
734 1883 792 1970 qui
808 1884 956 1950 nexibus
972 1883 1102 1961 ambit,=

102 1990 272 2073 perspice‚
291 1999 323 2053 et
338 2010 446 2074 usque
464 2000 543 2053 nota
560 1989 648 2064 visu,
667 1989 1089 2076 utcognoscerepossisa
1103 2003 1163 2069 660·

101 2105 213 2157 vertar
229 2095 264 2158 in
283 2096 395 2169 hunc;
421 2095 482 2159 sed
500 2095 609 2182 major
626 2116 697 2170 ero,
716 2106 898 2182 tantusque
914 2095 1080 2175 videbor„

101 2199 137 2263 in
154 2212 318 2286 quantum
336 2202 460 2266 debent
477 2201 645 2273 caelestia,
656 2221 800 2285 corpora
817 2200 928 2267 verti?

102 2308 274 2392 externplo
291 2329 369 2371 cum
386 2327 469 2372 voce
486 2308 584 2383 deus,
605 2327 683 2370 cum
700 2327 785 2371 voce
801 2306 936 2394 deoque

101 2436 241 2479 somnus
259 2414 339 2488 abit,
358 2415 536 2500 somnique
553 2413 672 2499 fugam
690 2413 752 2478 lux
767 2413 860 2478 alma
876 2424 993 2492 secuta
1009 2425 1081 2494 est.¹

146 2518 287 2584 Postera
304 2520 455 2584 sidereos
473 2519 609 2585 Aurora
629 2522 810 2609 fugaverat
826 2523 964 2611 ignes}
1101 2539 1161 2612 ⁶⁶5·

99 2624 218 2688 incerti
236 2625 317 2712 quid
336 2635 453 2712 agant,
473 2647 632 2710 proceres
650 2629 847 2715 adtempla,
856 2631 949 2715 petiti

17 2750 19 2754 ’
101 2730 307 2795 conveniunt
323 2751 468 2815 operosa
484 2732 551 2806 dei,
571 2754 708 2820 quaque
724 2735 799 2820 ipse
816 2737 951 2810 morari

99 2837 181 2901 sede
197 2837 289 2911 velit,
309 2836 417 2925 signis
434 2839 637 2905 caelestibus
656 2841 795 2917 indicet,
814 2854 934 2918 orant„
999 2898 1003 2905 .

98 2943 157 3006 vix
173 2944 261 3007 bene
278 2943 461 3021 desierant,
483 2967 561 3011 cum
579 2948 689 3017 cristis
708 2971 833 3019 aureus
848 2951 927 3021 altis

98 3048 133 3111 in
151 3062 308 3134 serpente
324 3050 408 3116 deus
426 3055 629 3135 praenuntia
647 3055 746 3121 sibila
763 3055 866 3130 misit,
898 3069 901 3075 ’
1099 3077 1153 3144 ⁶70

99 3156 314 3242 adventuque
331 3179 392 3222 suo
410 3161 617 3246 signumque
635 3182 780 3246 arasque
797 3162 956 3249 foresque

100 3282 395 3351 marmoreumque
415 3268 525 3337 solum
543 3267 872 3352 fastigiaque-aurea
889 3268 1006 3347 mouit.

99 3368 357 3456 pectoribusque
376 3384 474 3437 tenus
492 3372 606 3435 media
622 3372 777 3437 sublimis
792 3373 828 3436 in
844 3375 931 3439 aede

98 3472 255 3549 constitit,
276 3488 377 3562 atque
395 3478 512 3542 oculos
530 3477 735 3542 circumtulit
751 3478 832 3564 igne
850 3478 1028 3551 micantes,

141 3580 277 3646 Territa
294 3583 393 3660 turba
410 3595 531 3666 pavet:
556 3582 718 3668 cognovit
733 3583 874 3649 numina
891 3597 1004 3659 castos
1096 3605 1159 3677 ⁶75-

96 3687 249 3753 evinctus
267 3689 349 3753 vitta
367 3688 477 3753 crines
495 3689 630 3753 albente
646 3689 820 3764 sacerdos,

96 3808 129 3859 et
147 3795 266 3860 ‘Deus
284 3793 347 3860 en!
373 3795 457 3870 deus
474 3793 538 3871 cul
563 3793 686 3867 animis
703 3793 898 3882 linguisque
915 3796 1040 3876 favete,
