2476 4148
92 177 185 237 vm.
196 177 276 249 433]
395 157 515 233 ‚The
536 156 651 226 Fara!
668 156 812 224 Brund.
887 167 889 171 ¹
1105 153 1147 236 85

94 357 221 433 luctus,
239 366 273 421 et
288 375 310 420 a
324 354 475 421 lacrimis
492 354 528 420 in
545 375 678 440 poenae
693 374 813 418 versus
831 372 984 417 amorem
1002 359 1063 416 est.
1096 381 1149 437 450

142 461 257 547 Stipes
273 472 357 538 erat,
375 483 491 549 quern,
510 482 588 526 cum
606 471 723 546 partus
739 460 841 524 enixa
855 459 986 547 jaceret

94 567 272 644 Thestias,
289 566 325 632 in
340 567 516 635 flammam
534 566 685 651 triplices
702 586 846 650 posuere
864 585 1019 638 sorores3

96 673 313 760 staminaque
328 673 496 759 impresso
511 673 628 741 fatalia
646 671 771 757 pollice
787 681 908 736 nentes

97 779 317 864 ‘Tempora'
333 779 493 846 dixerunt
510 778 656 845 ‘eadem
672 777 836 864 lignoque
852 777 992 863 tibique,

96 884 131 953 O
148 885 250 952 modo
266 895 360 962 nate,
376 885 524 952 damus!
572 882 653 967 Quo
670 895 850 968 postquam
868 883 1020 948 carmine
1036 882 1126 948 dicto

96 1011 279 1058 excessere
296 992 397 1066 deae,
413 990 618 1079 flagrantem
635 999 743 1053 mater
760 989 806 1053 ab
820 989 903 1077 igne
1125 993 1127 997 ’

97 1097 222 1183 eripuit
235 1108 376 1174 torrem,
393 1097 584 1183 sparsitque
601 1095 807 1181 liquentibus
825 1097 936 1162 undis.

96 1204 157 1269 ille
173 1202 232 1268 diu
248 1203 359 1268 suerat
374 1202 605 1288 penetralibus
623 1201 757 1268 abditus
772 1201 863 1277 imis,

97 1320 323 1396 servatusque
338 1319 426 1383 tuos,
441 1307 590 1396 juvenis,
609 1319 804 1373 servaverat
820 1330 941 1375 annos.

98 1415 238 1502 protulit
254 1416 346 1480 hunc
360 1413 525 1502 genitrix,
541 1413 727 1500 taedasque
744 1426 777 1478 et
793 1415 965 1502 fragmina
982 1414 1061 1499 poni
1097 1430 1152 1496 460

97 1521 258 1608 imperat,
277 1531 312 1586 et
325 1519 442 1606 positis
458 1518 615 1585 inimicos
632 1521 791 1585 admovet
806 1520 917 1606 ignes.

145 1624 238 1689 Turn
256 1633 380 1689 conata
394 1633 514 1709 quater
529 1622 679 1691 flammis
694 1622 871 1708 imponere
888 1645 1036 1697 ramum,

99 1740 223 1815 coepta
238 1741 358 1817 quater
374 1728 493 1794 tenuit.
542 1728 704 1817 Pugnant
721 1740 897 1815 materque
913 1749 1089 1816 sororque,

100 1847 135 1903 et
150 1837 286 1905 diversa
300 1835 439 1901 trahunt
453 1857 560 1900 unum
577 1836 646 1901 duo
660 1836 801 1901 nomina
817 1847 949 1921 pectus.

99 1963 208 2028 saepe
223 1951 315 2006 metu
330 1940 470 2007 sceleris
487 1942 661 2027 pallebant
677 1962 738 2013 ora
753 1941 876 2015 luturi3
1100 1958 1154 2028 465

99 2069 207 2134 saepe
223 2069 323 2114 suum
339 2047 475 2114 fervens
492 2048 599 2113 oculis
616 2049 719 2113 dabat
734 2048 785 2113 ira
801 2049 974 2114 ruboremt

100 2165 134 2220 et
150 2153 253 2221 modo
269 2152 385 2219 nescio
402 2153 484 2239 quid
500 2153 619 2220 similis
635 2154 774 2219 crudele
791 2154 935 2220 minanti

100 2260 215 2326 vultus
231 2270 316 2336 erat,
335 2259 436 2325 modo
452 2281 556 2346 quem
572 2260 725 2325 misereri
741 2260 883 2325 credere
898 2280 1039 2345 posses;

100 2386 249 2453 cumque
266 2364 358 2432 ferus
373 2365 533 2431 lacrimas
550 2366 655 2430 animi
677 2365 866 2431 siccaverat
881 2367 995 2441 ardor,

100 2473 363 2540 inveniebantur
378 2472 541 2538 lacrimae
557 2483 686 2538 tamen.
734 2471 851 2558 thue
866 2472 998 2548 carina,
1100 2503 1155 2556 470

101 2601 207 2670 quarn
221 2590 357 2656 ventus,
373 2589 542 2665 ventoque
559 2579 648 2662 rapit
661 2578 852 2644 contrarius
867 2590 993 2654 aestus,

100 2690 171 2756 vim
189 2686 364 2775 geminam
382 2685 493 2760 sentit,
512 2696 675 2772 paretque
690 2684 820 2750 incerta
838 2685 970 2750 duobus
981 2719 1025 2733 ·-

100 2795 263 2861 Thestias
280 2794 373 2859 haud
390 2791 486 2858 aliter
503 2791 613 2856 dubiis
630 2790 808 2856 affectibus
825 2801 927 2867 errat,

102 2902 206 2989 inque
223 2901 316 2966 vices
332 2898 440 2985 ponit,
458 2898 673 2984 positamque
688 2898 866 2962 resuscitat
882 2898 980 2962 iram.

149 3006 273 3092 Incipit
288 3027 364 3071 esse
380 3017 495 3070 tamen
511 3005 631 3071 melior
647 3025 815 3090 germana
831 3015 984 3088 parente,

102 3124 138 3180 et
153 3111 429 3199 consanguineas
444 3121 482 3174 ut
497 3110 666 3198 sanguine
684 3109 788 3174 leniat
805 3110 957 3183 umbras,
1072 3156 1076 3169 .

103 3219 277 3306 impietate
294 3218 350 3303 pia
367 3228 439 3282 est:
463 3237 542 3281 narn
560 3228 740 3303 postquam
758 3214 896 3301 pestifer
913 3214 1003 3301 ignis

104 3324 291 3401 convaluit,
311 3323 457 3410 ‘Rogus
472 3321 535 3387 iste
552 3333 680 3387 cremet
697 3343 773 3386 mea
791 3321 942 3386 viscera’
957 3321 1042 3386 dixit
1052 3344 1063 3396 ;

104 3444 209 3520 utque
226 3452 331 3494 manu
347 3429 421 3494 dira
437 3427 570 3514 lignum
587 3427 690 3492 fatale
706 3428 857 3504 tenebat,

106 3550 185 3604 ante
202 3536 411 3622 sepulcrales
428 3533 547 3598 infelix
563 3533 689 3598 adstitit
705 3555 795 3610 aras,
1103 3553 1156 3616 480

108 3641 344 3710 ‘Poenarum’
360 3662 426 3727 que
445 3641 551 3704 ‘deae
568 3639 730 3724 triplices,
750 3640 953 3727 furialibus‚'
969 3641 1079 3730 inquit

108 3760 118 3791 ‘
132 3746 357 3821 Eumenides,
376 3745 484 3811 sacris
499 3745 612 3808 vultus
629 3745 793 3810 advertite
811 3757 952 3810 vestros.

22 3902 25 3909 ,
107 3855 270 3930 ulciscor,
287 3852 444 3939 facioque
461 3851 578 3916 nefas:
604 3873 696 3918 mors
712 3861 819 3919 morte
836 3852 964 3936 pianda
980 3863 1042 3917 est.
