2476 4148
86 177 145 231 ΙΙΙΙ.
168 188 207 245 10,
222 177 280 247 32]
375 158 506 224 Wz'ater
529 157 655 224 Scenae
678 161 715 225 in
746 160 892 226 Thrace.
1071 160 1140 249 '177

229 373 261 436 3.
297 352 429 419 Wnter
452 352 577 419 Sccncs
601 357 637 420 in
669 354 804 421 Thrace
832 356 898 445 (iii.
921 357 999 447 10).

88 561 280 712 Stobis
299 518 413 631 adhuc
429 567 504 632 isac
520 567 675 661 meminit·
689 568 841 635 Nasonis
860 570 1026 659 adempti,

190 674 234 738 Et
250 685 403 759 superest
419 674 492 737 sine
509 694 565 737 me
581 695 706 738 nomen
723 675 758 738 in
775 675 871 741 Urbe
890 700 1019 756 meum,
1063 692 1066 696 ’

88 779 310 865 Suppositum
327 780 431 844 stellis
448 800 636 866 numquam
652 783 873 868 tangentibus
894 805 1022 873 aequor

133 887 193 950 Me
210 887 294 951 sciat
310 886 344 949 in
363 887 476 951 media
492 886 608 951 vivere
626 887 799 954 barbarie.

89 993 313 1061 Sauromatae
330 994 486 1080 cingunt,
505 993 576 1058 fera
594 1015 693 1082 gens,
715 993 882 1085 Bessique
902 997 1094 1086 Getaeque,
1124 1030 1139 1089 ς

134 1099 249 1184 Quam
267 1123 335 1164 non
350 1100 491 1187 ingenio
508 1101 648 1166 nomina
667 1102 774 1190 digna
793 1104 892 1170 meol

88 1206 181 1272 Dum
197 1219 311 1272 tamen
329 1228 411 1271 aura
428 1219 531 1292 tepet,
551 1208 664 1274 medio
682 1210 900 1276 defendimur
915 1209 1056 1277 Histro:

133 1315 195 1380 Ille
212 1316 281 1380 suis
299 1315 447 1401 liquidus
464 1316 555 1380 bella
573 1317 707 1402 repellit
725 1317 836 1403 aquis.

86 1421 135 1488 At
152 1445 229 1488 curn
246 1423 348 1488 tristis
365 1422 499 1506 hiemps
517 1423 707 1507 squalentia
723 1424 950 1508 protulitora,

133 1531 310 1616 Terraque
329 1548 520 1593 marmoreo
538 1529 686 1593 candida
703 1530 793 1594 facta
809 1531 890 1617 gelu
907 1541 970 1606 est,

84 1637 181 1703 -Dum
199 1649 289 1702 vetat
304 1648 337 1702 et
353 1635 482 1701 Boreas
500 1646 532 1701 et
549 1635 609 1700 nix
626 1635 781 1701 habitare
798 1638 861 1702 sub
878 1634 1000 1713 Arcto,
1113 1667 1114 1671 ¹

133 1746 226 1809 Tum
240 1745 359 1830 liquet,
379 1744 441 1807 has
459 1753 580 1830 gentes
598 1762 663 1807 axe
679 1753 845 1808 tremente
863 1741 987 1828 premi,
1128 1828 1131 1833 Ι

89 1850 162 1916 Nix
175 1851 277 1938 jacet,
297 1860 330 1915 et
345 1849 494 1936 glaciem
511 1870 576 1914 nec
592 1850 642 1914 sol
660 1849 842 1934 pluviaeve
858 1849 1049 1925 resolvunt,
1128 1879 1132 1884 -

135 1957 276 2022 indurat
293 1955 422 2023 Boreas
439 1967 709 2042 perpetuamque
726 1955 828 2031 facit;

90 2063 185 2151 Ergo
201 2063 259 2127 ubi
277 2065 414 2128 delicuit
429 2064 582 2127 nondum
599 2063 704 2146 prior,
724 2063 831 2127 altera
848 2061 954 2138 venit,

137 2171 180 2234 Et
195 2171 280 2235 solet
295 2170 330 2233 in
342 2169 461 2232 multis
477 2169 569 2231 bima
588 2188 726 2231 manere
744 2168 840 2232 locis·

13 2301 18 2307 ·
91 2277 271 2363 Tantaque
288 2274 449 2340 commoti
464 2274 516 2338 vis
531 2284 583 2338 est
598 2271 794 2358 Aquilonis,
814 2284 852 2338 ut
869 2274 963 2338 altas
1069 2304 1070 2308 ¹

136 2382 273 2469 Aequet
289 2384 393 2446 humo
409 2390 518 2445 turres
534 2389 692 2465 tectaque
708 2391 804 2464 rapta
823 2380 922 2445 serat.

92 2489 244 2555 Pellibus
261 2500 293 2554 et
309 2487 391 2552 sutis
408 2496 525 2550 arcent
541 2485 633 2548 mala
650 2485 780 2572 frigora
795 2486 945 2579 braccis,

137 2597 275 2682 Oraque
292 2595 335 2660 de
351 2605 419 2660 toto
436 2612 578 2678 corpore
596 2592 814 2677 sola'patent.

93 2703 207 2790 Saepe
223 2714 346 2769 sonant
361 2701 442 2767 moti
460 2700 573 2788 glacie
590 2699 760 2785 pendente
777 2697 907 2784 capilli,

139 2811 182 2875 Et
198 2812 279 2874 nitet
295 2811 432 2874 inducto
449 2805 721 2872 candida'barba
739 2807 834 2890 gelu.
862 2810 865 2815 ’
912 2860 914 2864 ,

93 2919 267 3002 Nudaque
284 2915 482 2987 consistunt,
502 2913 648 2978 formam
666 2912 836 2976 servantia
852 2919 978 2986 testae,

138 3024 244 3096 Vina,
264 3041 329 3084 nec
345 3020 467 3083 hausta
484 3018 581 3092 meri,
601 3017 662 3081 sed
678 3017 757 3081 data
774 3017 881 3081 frusta
895 3017 1028 3083 bibunt.

97 3130 190 3213 Qid
208 3130 340 3216 loquar,
357 3137 394 3191 ut
410 3124 513 3189 vincti
531 3133 754 3188 concrescant
770 3123 897 3221 frigore
913 3121 991 3197 rivi,

141 3237 262 3324 Deque
279 3236 356 3298 lacu
373 3231 514 3320 fragiles
531 3229 736 3295 effodiantur
754 3227 887 3316 aquae?

95 3346 187 3431 Ipse,
205 3342 401 3429 papyrifero
417 3340 474 3428 qui
490 3358 560 3404 non
576 3337 753 3427 angustior
769 3356 871 3402 amne

141 3453 307 3518 Miscetur
321 3459 418 3515 vasto
434 3448 541 3512 multa
557 3467 619 3532 per
635 3465 694 3510 ora
711 3445 809 3520 freto,

96 3560 284 3626 Caeruleos
300 3555 409 3622 ventis
425 3554 544 3620 latices
562 3552 777 3627 durantibus,
798 3548 917 3616 Hister
954 3576 958 3585 ¹

141 3664 325 3751 Congelat,
344 3673 377 3727 et
392 3662 488 3726 tectis
504 3660 540 3724 in
558 3679 652 3724 mare
669 3659 773 3744 serpit
790 3657 901 3744 aquis.

98 3770 246 3857 Ouaque
262 3781 352 3834 rates
369 3768 489 3843 ierant,
508 3765 652 3852 pedibus
669 3785 761 3830 nunc
776 3763 855 3841 itur,
874 3774 907 3830 et
922 3765 1033 3831 undas

142 3877 285 3964 Frigore
301 3884 479 3940 concretas
496 3872 629 3960 ungula
644 3871 759 3958 pulsat
776 3870 875 3958 equi3
