<?xml version="1.0" encoding="UTF-8"?>
<!DOCTYPE html PUBLIC "-//W3C//DTD XHTML 1.0 Transitional//EN"
    "http://www.w3.org/TR/xhtml1/DTD/xhtml1-transitional.dtd">
<html xmlns="http://www.w3.org/1999/xhtml" xml:lang="en" lang="en">
 <head>
  <title>
</title>
<meta http-equiv="Content-Type" content="text/html;charset=utf-8" />
  <meta name='ocr-system' content='tesseract 3.04.00' />
  <meta name='ocr-capabilities' content='ocr_page ocr_carea ocr_par ocr_line ocrx_word'/>
</head>
<body>
  <div class='ocr_page' id='page_1' title='image "./selectionsfromp00greegoog_0169.png"; bbox 0 0 2476 4148; ppageno 0'>
   <div class='ocr_carea' id='block_1_1' title="bbox 123 142 1175 237">
    <p class='ocr_par' dir='ltr' id='par_1_1' title="bbox 123 142 1175 237">
     <span class='ocr_line' id='line_1_1' title="bbox 123 142 1175 237; baseline 0.006 -30"><span class='ocrx_word' id='word_1_1' title='bbox 123 157 186 231; x_wconf 81' lang='lat'>152</span> <span class='ocrx_word' id='word_1_2' title='bbox 394 142 429 210; x_wconf 88' lang='lat' dir='ltr'><em>T</em></span> <span class='ocrx_word' id='word_1_3' title='bbox 423 144 466 209; x_wconf 81' lang='lat' dir='ltr'>he</span> <span class='ocrx_word' id='word_1_4' title='bbox 488 143 694 232; x_wconf 74' lang='lat' dir='ltr'><em>Apotheosis</em></span> <span class='ocrx_word' id='word_1_5' title='bbox 717 147 765 232; x_wconf 82' lang='lat' dir='ltr'>of</span> <span class='ocrx_word' id='word_1_6' title='bbox 784 145 914 217; x_wconf 71' lang='lat' dir='ltr'>Cesar.</span> <span class='ocrx_word' id='word_1_7' title='bbox 1031 164 1175 237; x_wconf 58' lang='lat' dir='ltr'>[Mam</span> 
     </span>
    </p>
   </div>
   <div class='ocr_carea' id='block_1_2' title="bbox 77 338 1211 3935">
    <p class='ocr_par' dir='ltr' id='par_1_2' title="bbox 77 338 1211 3935">
     <span class='ocr_line' id='line_1_2' title="bbox 120 338 1211 431; baseline 0.005 -25"><span class='ocrx_word' id='word_1_8' title='bbox 120 338 282 426; x_wconf 88' lang='lat' dir='ltr'>temporis</span> <span class='ocrx_word' id='word_1_9' title='bbox 302 349 447 413; x_wconf 83' lang='lat' dir='ltr'>aetatem</span> <span class='ocrx_word' id='word_1_10' title='bbox 463 352 751 429; x_wconf 75' lang='lat' dir='ltr'>venturorumque</span> <span class='ocrx_word' id='word_1_11' title='bbox 768 353 934 426; x_wconf 85' lang='lat' dir='ltr'>nepotum·</span> <span class='ocrx_word' id='word_1_12' title='bbox 1122 362 1174 431; x_wconf 77' lang='lat'>833</span> <span class='ocrx_word' id='word_1_13' title='bbox 1209 341 1211 344; x_wconf 41' lang='lat'><em>⁴</em></span> 
     </span>
     <span class='ocr_line' id='line_1_3' title="bbox 121 446 993 535; baseline 0.006 -24"><span class='ocrx_word' id='word_1_14' title='bbox 121 446 345 534; x_wconf 87' lang='lat' dir='ltr'>prospiciens,</span> <span class='ocrx_word' id='word_1_15' title='bbox 366 447 497 530; x_wconf 90' lang='lat' dir='ltr'>prolem</span> <span class='ocrx_word' id='word_1_16' title='bbox 515 459 633 513; x_wconf 86' lang='lat' dir='ltr'>sancta</span> <span class='ocrx_word' id='word_1_17' title='bbox 650 449 693 513; x_wconf 90' lang='lat' dir='ltr'>de</span> <span class='ocrx_word' id='word_1_18' title='bbox 710 449 857 535; x_wconf 86' lang='lat' dir='ltr'>conjuge</span> <span class='ocrx_word' id='word_1_19' title='bbox 874 460 993 516; x_wconf 88' lang='lat' dir='ltr'>natam</span> 
     </span>
     <span class='ocr_line' id='line_1_4' title="bbox 121 552 1125 641; baseline 0 -21"><span class='ocrx_word' id='word_1_20' title='bbox 121 555 208 620; x_wconf 87' lang='lat' dir='ltr'>ferre</span> <span class='ocrx_word' id='word_1_21' title='bbox 225 552 326 618; x_wconf 90' lang='lat' dir='ltr'>simul</span> <span class='ocrx_word' id='word_1_22' title='bbox 345 573 539 638; x_wconf 84' lang='lat' dir='ltr'>nomenque</span> <span class='ocrx_word' id='word_1_23' title='bbox 557 575 656 618; x_wconf 92' lang='lat' dir='ltr'>suum</span> <span class='ocrx_word' id='word_1_24' title='bbox 674 575 841 640; x_wconf 89' lang='lat' dir='ltr'>curasque</span> <span class='ocrx_word' id='word_1_25' title='bbox 855 554 1008 641; x_wconf 84' lang='lat' dir='ltr'>jubebit:</span> <span class='ocrx_word' id='word_1_26' title='bbox 1122 578 1125 584; x_wconf 90' lang='lat'>·</span> 
     </span>
     <span class='ocr_line' id='line_1_5' title="bbox 120 656 1014 745; baseline 0.003 -21"><span class='ocrx_word' id='word_1_27' title='bbox 120 682 198 736; x_wconf 89' lang='lat' dir='ltr'>nec,</span> <span class='ocrx_word' id='word_1_28' title='bbox 216 659 280 724; x_wconf 90' lang='lat' dir='ltr'>nisi</span> <span class='ocrx_word' id='word_1_29' title='bbox 298 679 375 722; x_wconf 90' lang='lat' dir='ltr'>cum</span> <span class='ocrx_word' id='word_1_30' title='bbox 394 658 508 722; x_wconf 89' lang='lat' dir='ltr'>senior</span> <span class='ocrx_word' id='word_1_31' title='bbox 530 656 648 742; x_wconf 86' lang='lat' dir='ltr'>Pylios</span> <span class='ocrx_word' id='word_1_32' title='bbox 671 659 869 745; x_wconf 88' lang='lat' dir='ltr'>aequaverit</span> <span class='ocrx_word' id='word_1_33' title='bbox 884 681 1014 738; x_wconf 85' lang='lat' dir='ltr'>annos,</span> 
     </span>
     <span class='ocr_line' id='line_1_6' title="bbox 121 764 917 852; baseline 0 -21"><span class='ocrx_word' id='word_1_34' title='bbox 121 766 289 831; x_wconf 84' lang='lat' dir='ltr'>aetherias</span> <span class='ocrx_word' id='word_1_35' title='bbox 306 765 404 830; x_wconf 89' lang='lat' dir='ltr'>sedes</span> <span class='ocrx_word' id='word_1_36' title='bbox 423 773 640 850; x_wconf 87' lang='lat' dir='ltr'>cognataque</span> <span class='ocrx_word' id='word_1_37' title='bbox 657 764 770 830; x_wconf 89' lang='lat' dir='ltr'>sidera</span> <span class='ocrx_word' id='word_1_38' title='bbox 786 775 917 852; x_wconf 85' lang='lat' dir='ltr'>tanget.</span> 
     </span>
     <span class='ocr_line' id='line_1_7' title="bbox 121 870 1172 956; baseline 0.002 -20"><span class='ocrx_word' id='word_1_39' title='bbox 121 875 211 937; x_wconf 89' lang='lat' dir='ltr'>hanc</span> <span class='ocrx_word' id='word_1_40' title='bbox 227 872 377 936; x_wconf 87' lang='lat' dir='ltr'>animam</span> <span class='ocrx_word' id='word_1_41' title='bbox 396 871 524 934; x_wconf 85' lang='lat' dir='ltr'>interea</span> <span class='ocrx_word' id='word_1_42' title='bbox 542 890 645 937; x_wconf 89' lang='lat' dir='ltr'>caeso</span> <span class='ocrx_word' id='word_1_43' title='bbox 660 870 702 934; x_wconf 91' lang='lat' dir='ltr'>de</span> <span class='ocrx_word' id='word_1_44' title='bbox 720 891 862 955; x_wconf 91' lang='lat' dir='ltr'>corpore</span> <span class='ocrx_word' id='word_1_45' title='bbox 879 883 1015 956; x_wconf 83' lang='lat' dir='ltr'><strong>raptam</strong></span> <span class='ocrx_word' id='word_1_46' title='bbox 1121 890 1172 956; x_wconf 81' lang='lat'>840</span> 
     </span>
     <span class='ocr_line' id='line_1_8' title="bbox 119 975 1027 1065; baseline 0.002 -23"><span class='ocrx_word' id='word_1_47' title='bbox 119 979 174 1042; x_wconf 87' lang='lat' dir='ltr'>fac</span> <span class='ocrx_word' id='word_1_48' title='bbox 186 978 300 1065; x_wconf 91' lang='lat' dir='ltr'>jubar,</span> <span class='ocrx_word' id='word_1_49' title='bbox 320 988 357 1043; x_wconf 93' lang='lat' dir='ltr'>ut</span> <span class='ocrx_word' id='word_1_50' title='bbox 372 997 507 1061; x_wconf 86' lang='lat' dir='ltr'>semper</span> <span class='ocrx_word' id='word_1_51' title='bbox 524 975 696 1060; x_wconf 88' lang='lat' dir='ltr'>Capitolia</span> <span class='ocrx_word' id='word_1_52' title='bbox 713 987 830 1041; x_wconf 90' lang='lat' dir='ltr'>nostra</span> <span class='ocrx_word' id='word_1_53' title='bbox 846 978 1027 1065; x_wconf 82' lang='lat' dir='ltr'>forumque</span> 
     </span>
     <span class='ocr_line' id='line_1_9' title="bbox 119 1081 896 1191; baseline 0 -43"><span class='ocrx_word' id='word_1_54' title='bbox 119 1084 218 1149; x_wconf 84' lang='lat' dir='ltr'>divus</span> <span class='ocrx_word' id='word_1_55' title='bbox 235 1086 279 1151; x_wconf 92' lang='lat' dir='ltr'>ab</span> <span class='ocrx_word' id='word_1_56' title='bbox 296 1084 434 1150; x_wconf 87' lang='lat' dir='ltr'>excelsa</span> <span class='ocrx_word' id='word_1_57' title='bbox 452 1092 644 1168; x_wconf 86' lang='lat' dir='ltr'>prospectet</span> <span class='ocrx_word' id='word_1_58' title='bbox 656 1081 768 1166; x_wconf 88' lang='lat' dir='ltr'>Julius</span> <span class='ocrx_word' id='word_1_59' title='bbox 777 1082 896 1191; x_wconf 64' lang='lat' dir='ltr'>pede!</span> 
     </span>
     <span class='ocr_line' id='line_1_10' title="bbox 163 1187 985 1270; baseline 0.001 -15"><span class='ocrx_word' id='word_1_60' title='bbox 163 1190 234 1255; x_wconf 88' lang='lat' dir='ltr'>Vix</span> <span class='ocrx_word' id='word_1_61' title='bbox 252 1211 294 1255; x_wconf 90' lang='lat' dir='ltr'>ea</span> <span class='ocrx_word' id='word_1_62' title='bbox 309 1191 398 1254; x_wconf 86' lang='lat' dir='ltr'>fatus</span> <span class='ocrx_word' id='word_1_63' title='bbox 415 1201 499 1264; x_wconf 89' lang='lat' dir='ltr'>erat,</span> <span class='ocrx_word' id='word_1_64' title='bbox 519 1188 634 1270; x_wconf 88' lang='lat' dir='ltr'>media</span> <span class='ocrx_word' id='word_1_65' title='bbox 650 1208 730 1251; x_wconf 88' lang='lat' dir='ltr'>cum</span> <span class='ocrx_word' id='word_1_66' title='bbox 745 1187 827 1253; x_wconf 90' lang='lat' dir='ltr'>sede</span> <span class='ocrx_word' id='word_1_67' title='bbox 843 1199 985 1256; x_wconf 86' lang='lat' dir='ltr'>senatus</span> 
     </span>
     <span class='ocr_line' id='line_1_11' title="bbox 120 1293 971 1381; baseline 0.001 -21"><span class='ocrx_word' id='word_1_68' title='bbox 120 1295 266 1360; x_wconf 86' lang='lat' dir='ltr'>constitit</span> <span class='ocrx_word' id='word_1_69' title='bbox 284 1295 374 1358; x_wconf 90' lang='lat' dir='ltr'>alma</span> <span class='ocrx_word' id='word_1_70' title='bbox 389 1295 522 1369; x_wconf 90' lang='lat' dir='ltr'>Venus,</span> <span class='ocrx_word' id='word_1_71' title='bbox 542 1293 626 1357; x_wconf 91' lang='lat' dir='ltr'>nulli</span> <span class='ocrx_word' id='word_1_72' title='bbox 645 1294 837 1369; x_wconf 81' lang='lat' dir='ltr'>cernenda„</span> <span class='ocrx_word' id='word_1_73' title='bbox 850 1294 971 1381; x_wconf 83' lang='lat' dir='ltr'>suique</span> 
     </span>
     <span class='ocr_line' id='line_1_12' title="bbox 120 1394 1171 1490; baseline -0.001 -25"><span class='ocrx_word' id='word_1_74' title='bbox 120 1399 280 1465; x_wconf 86' lang='lat' dir='ltr'>Caesaris</span> <span class='ocrx_word' id='word_1_75' title='bbox 297 1400 418 1486; x_wconf 92' lang='lat' dir='ltr'>eripuit</span> <span class='ocrx_word' id='word_1_76' title='bbox 436 1399 609 1474; x_wconf 89' lang='lat' dir='ltr'>membris,</span> <span class='ocrx_word' id='word_1_77' title='bbox 629 1394 745 1463; x_wconf 85' lang='lat' dir='ltr'>necin</span> <span class='ocrx_word' id='word_1_78' title='bbox 762 1404 843 1469; x_wconf 69' lang='lat' dir='ltr'>afe&#39;ra</span> <span class='ocrx_word' id='word_1_79' title='bbox 859 1400 945 1468; x_wconf 90' lang='lat' dir='ltr'>solvi</span> <span class='ocrx_word' id='word_1_80' title='bbox 1120 1419 1171 1490; x_wconf 63' lang='lat'>843</span> 
     </span>
     <span class='ocr_line' id='line_1_13' title="bbox 119 1505 1063 1590; baseline 0.004 -19"><span class='ocrx_word' id='word_1_81' title='bbox 119 1527 221 1590; x_wconf 91' lang='lat' dir='ltr'>passa</span> <span class='ocrx_word' id='word_1_82' title='bbox 238 1519 408 1572; x_wconf 85' lang='lat' dir='ltr'>recentem</span> <span class='ocrx_word' id='word_1_83' title='bbox 427 1506 578 1571; x_wconf 90' lang='lat' dir='ltr'>animam</span> <span class='ocrx_word' id='word_1_84' title='bbox 595 1505 798 1571; x_wconf 89' lang='lat' dir='ltr'>caelestibus</span> <span class='ocrx_word' id='word_1_85' title='bbox 815 1505 927 1575; x_wconf 87' lang='lat' dir='ltr'>intulit</span> <span class='ocrx_word' id='word_1_86' title='bbox 943 1508 1063 1575; x_wconf 84' lang='lat' dir='ltr'>astris..</span> 
     </span>
     <span class='ocr_line' id='line_1_14' title="bbox 119 1610 1106 1699; baseline 0.002 -21"><span class='ocrx_word' id='word_1_87' title='bbox 119 1613 270 1699; x_wconf 90' lang='lat' dir='ltr'>dumque</span> <span class='ocrx_word' id='word_1_88' title='bbox 286 1613 371 1688; x_wconf 89' lang='lat' dir='ltr'>tulit,</span> <span class='ocrx_word' id='word_1_89' title='bbox 389 1614 504 1682; x_wconf 87' lang='lat' dir='ltr'>lumen</span> <span class='ocrx_word' id='word_1_90' title='bbox 522 1633 646 1697; x_wconf 87' lang='lat' dir='ltr'>capere</span> <span class='ocrx_word' id='word_1_91' title='bbox 664 1621 763 1696; x_wconf 87' lang='lat' dir='ltr'>atque</span> <span class='ocrx_word' id='word_1_92' title='bbox 782 1610 961 1697; x_wconf 79' lang='lat' dir='ltr'>ignescere</span> <span class='ocrx_word' id='word_1_93' title='bbox 978 1613 1106 1691; x_wconf 82' lang='lat' dir='ltr'>sensit,</span> 
     </span>
     <span class='ocr_line' id='line_1_15' title="bbox 118 1717 870 1806; baseline -0.001 -23"><span class='ocrx_word' id='word_1_94' title='bbox 118 1719 295 1806; x_wconf 87' lang='lat' dir='ltr'>emisitque</span> <span class='ocrx_word' id='word_1_95' title='bbox 312 1719 400 1784; x_wconf 91' lang='lat' dir='ltr'>sinu.</span> <span class='ocrx_word' id='word_1_96' title='bbox 450 1718 552 1782; x_wconf 91' lang='lat' dir='ltr'>Luna</span> <span class='ocrx_word' id='word_1_97' title='bbox 571 1718 664 1785; x_wconf 90' lang='lat' dir='ltr'>volat</span> <span class='ocrx_word' id='word_1_98' title='bbox 680 1717 779 1783; x_wconf 90' lang='lat' dir='ltr'>altius</span> <span class='ocrx_word' id='word_1_99' title='bbox 797 1717 870 1793; x_wconf 88' lang='lat' dir='ltr'>illa,</span> 
     </span>
     <span class='ocr_line' id='line_1_16' title="bbox 117 1822 1022 1911; baseline 0.003 -22"><span class='ocrx_word' id='word_1_100' title='bbox 117 1823 426 1911; x_wconf 87' lang='lat' dir='ltr'>flammiferumque</span> <span class='ocrx_word' id='word_1_101' title='bbox 445 1825 582 1889; x_wconf 88' lang='lat' dir='ltr'>trahens</span> <span class='ocrx_word' id='word_1_102' title='bbox 600 1825 748 1910; x_wconf 88' lang='lat' dir='ltr'>spatioso</span> <span class='ocrx_word' id='word_1_103' title='bbox 766 1822 873 1891; x_wconf 88' lang='lat' dir='ltr'>limi-te</span> <span class='ocrx_word' id='word_1_104' title='bbox 891 1824 1022 1893; x_wconf 84' lang='lat' dir='ltr'>crinem</span> 
     </span>
     <span class='ocr_line' id='line_1_17' title="bbox 119 1914 1178 2019; baseline 0.004 -24"><span class='ocrx_word' id='word_1_105' title='bbox 119 1931 216 1995; x_wconf 88' lang='lat' dir='ltr'>stella</span> <span class='ocrx_word' id='word_1_106' title='bbox 232 1930 346 2005; x_wconf 88' lang='lat' dir='ltr'>micat,</span> <span class='ocrx_word' id='word_1_107' title='bbox 365 1930 503 2016; x_wconf 90' lang='lat' dir='ltr'>natique</span> <span class='ocrx_word' id='word_1_108' title='bbox 520 1931 639 1995; x_wconf 90' lang='lat' dir='ltr'>videns</span> <span class='ocrx_word' id='word_1_109' title='bbox 656 1930 837 2001; x_wconf 85' lang='lat' dir='ltr'>benefacta</span> <span class='ocrx_word' id='word_1_110' title='bbox 854 1929 977 1999; x_wconf 87' lang='lat' dir='ltr'>fatetur</span> <span class='ocrx_word' id='word_1_111' title='bbox 1120 1914 1178 2019; x_wconf 51' lang='lat'>850&#39;</span> 
     </span>
     <span class='ocr_line' id='line_1_18' title="bbox 118 2035 991 2130; baseline 0.002 -31"><span class='ocrx_word' id='word_1_112' title='bbox 118 2056 193 2099; x_wconf 91' lang='lat' dir='ltr'>esse</span> <span class='ocrx_word' id='word_1_113' title='bbox 210 2035 279 2101; x_wconf 90' lang='lat' dir='ltr'>suis</span> <span class='ocrx_word' id='word_1_114' title='bbox 296 2036 438 2123; x_wconf 89' lang='lat' dir='ltr'>majora,</span> <span class='ocrx_word' id='word_1_115' title='bbox 458 2047 490 2100; x_wconf 91' lang='lat' dir='ltr'>et</span> <span class='ocrx_word' id='word_1_116' title='bbox 506 2036 596 2100; x_wconf 90' lang='lat' dir='ltr'>vinci</span> <span class='ocrx_word' id='word_1_117' title='bbox 615 2038 743 2122; x_wconf 87' lang='lat' dir='ltr'>gaudet</span> <span class='ocrx_word' id='word_1_118' title='bbox 759 2035 888 2101; x_wconf 89' lang='lat' dir='ltr'>abillo.</span> <span class='ocrx_word' id='word_1_119' title='bbox 987 2122 991 2130; x_wconf 29' lang='grc' dir='ltr'>Ι</span> 
     </span>
     <span class='ocr_line' id='line_1_19' title="bbox 118 2142 1049 2228; baseline 0.009 -23"><span class='ocrx_word' id='word_1_120' title='bbox 118 2142 174 2206; x_wconf 90' lang='lat' dir='ltr'>hic</span> <span class='ocrx_word' id='word_1_121' title='bbox 190 2163 251 2206; x_wconf 90' lang='lat' dir='ltr'>sua</span> <span class='ocrx_word' id='word_1_122' title='bbox 269 2143 431 2227; x_wconf 81' lang='lat' dir='ltr'>praeferri</span> <span class='ocrx_word' id='word_1_123' title='bbox 451 2163 660 2228; x_wconf 90' lang='lat' dir='ltr'>quamquam</span> <span class='ocrx_word' id='word_1_124' title='bbox 677 2154 767 2207; x_wconf 90' lang='lat' dir='ltr'>vetat</span> <span class='ocrx_word' id='word_1_125' title='bbox 784 2154 860 2207; x_wconf 91' lang='lat' dir='ltr'>acta</span> <span class='ocrx_word' id='word_1_126' title='bbox 877 2143 1049 2227; x_wconf 82' lang='lat' dir='ltr'>paternis,</span> 
     </span>
     <span class='ocr_line' id='line_1_20' title="bbox 117 2247 936 2335; baseline 0.007 -24"><span class='ocrx_word' id='word_1_127' title='bbox 117 2247 224 2312; x_wconf 91' lang='lat' dir='ltr'>libera</span> <span class='ocrx_word' id='word_1_128' title='bbox 241 2249 333 2312; x_wconf 84' lang='lat' dir='ltr'>fama</span> <span class='ocrx_word' id='word_1_129' title='bbox 350 2259 465 2312; x_wconf 89' lang='lat' dir='ltr'>tamen</span> <span class='ocrx_word' id='word_1_130' title='bbox 483 2249 651 2334; x_wconf 87' lang='lat' dir='ltr'>nullisque</span> <span class='ocrx_word' id='word_1_131' title='bbox 668 2248 817 2313; x_wconf 89' lang='lat' dir='ltr'>obnoxia</span> <span class='ocrx_word' id='word_1_132' title='bbox 830 2247 936 2335; x_wconf 80' lang='lat' dir='ltr'>jussis</span> 
     </span>
     <span class='ocr_line' id='line_1_21' title="bbox 77 2350 956 2442; baseline 0.009 -25"><span class='ocrx_word' id='word_1_133' title='bbox 77 2350 80 2354; x_wconf 70' lang='grc'><strong>’</strong></span> <span class='ocrx_word' id='word_1_134' title='bbox 116 2353 258 2419; x_wconf 87' lang='lat' dir='ltr'>invitum</span> <span class='ocrx_word' id='word_1_135' title='bbox 275 2356 434 2440; x_wconf 85' lang='lat' dir='ltr'>praefert,</span> <span class='ocrx_word' id='word_1_136' title='bbox 454 2377 589 2442; x_wconf 86' lang='lat' dir='ltr'>unaque</span> <span class='ocrx_word' id='word_1_137' title='bbox 607 2355 641 2418; x_wconf 91' lang='lat' dir='ltr'>in</span> <span class='ocrx_word' id='word_1_138' title='bbox 658 2367 753 2440; x_wconf 90' lang='lat' dir='ltr'>parte</span> <span class='ocrx_word' id='word_1_139' title='bbox 771 2367 956 2442; x_wconf 70' lang='lat' dir='ltr'>repugnat,</span> 
     </span>
     <span class='ocr_line' id='line_1_22' title="bbox 116 2460 1170 2555; baseline 0.009 -31"><span class='ocrx_word' id='word_1_140' title='bbox 116 2461 165 2524; x_wconf 89' lang='lat' dir='ltr'>sic</span> <span class='ocrx_word' id='word_1_141' title='bbox 183 2461 299 2547; x_wconf 85' lang='lat' dir='ltr'>magni</span> <span class='ocrx_word' id='word_1_142' title='bbox 316 2463 406 2526; x_wconf 90' lang='lat' dir='ltr'>cedit</span> <span class='ocrx_word' id='word_1_143' title='bbox 420 2461 525 2531; x_wconf 89' lang='lat' dir='ltr'>titulis</span> <span class='ocrx_word' id='word_1_144' title='bbox 544 2460 818 2548; x_wconf 85' lang='lat' dir='ltr'>Agamemnonis</span> <span class='ocrx_word' id='word_1_145' title='bbox 835 2462 990 2539; x_wconf 83' lang='lat' dir='ltr'>Atreus.;:</span> <span class='ocrx_word' id='word_1_146' title='bbox 1120 2484 1170 2555; x_wconf 64' lang='lat'>835</span> 
     </span>
     <span class='ocr_line' id='line_1_23' title="bbox 115 2563 996 2652; baseline 0.007 -23"><span class='ocrx_word' id='word_1_147' title='bbox 115 2563 239 2652; x_wconf 86' lang='lat' dir='ltr'>Aegea</span> <span class='ocrx_word' id='word_1_148' title='bbox 255 2567 305 2632; x_wconf 93' lang='lat' dir='ltr'>sic</span> <span class='ocrx_word' id='word_1_149' title='bbox 321 2568 492 2642; x_wconf 89' lang='lat' dir='ltr'>Theseus,</span> <span class='ocrx_word' id='word_1_150' title='bbox 512 2568 561 2632; x_wconf 92' lang='lat' dir='ltr'>sic</span> <span class='ocrx_word' id='word_1_151' title='bbox 578 2566 683 2631; x_wconf 89' lang='lat' dir='ltr'>Pelea</span> <span class='ocrx_word' id='word_1_152' title='bbox 699 2567 803 2635; x_wconf 87' lang='lat' dir='ltr'>vincit</span> <span class='ocrx_word' id='word_1_153' title='bbox 821 2567 996 2639; x_wconf 84' lang='lat' dir='ltr'>Achilles..</span> 
     </span>
     <span class='ocr_line' id='line_1_24' title="bbox 116 2672 980 2761; baseline 0.009 -24"><span class='ocrx_word' id='word_1_154' title='bbox 116 2672 276 2758; x_wconf 89' lang='lat' dir='ltr'>denique,</span> <span class='ocrx_word' id='word_1_155' title='bbox 294 2685 331 2739; x_wconf 93' lang='lat' dir='ltr'>ut</span> <span class='ocrx_word' id='word_1_156' title='bbox 348 2674 514 2759; x_wconf 84' lang='lat' dir='ltr'>exemplis</span> <span class='ocrx_word' id='word_1_157' title='bbox 532 2674 625 2759; x_wconf 88' lang='lat' dir='ltr'>ipsos</span> <span class='ocrx_word' id='word_1_158' title='bbox 644 2678 873 2761; x_wconf 87' lang='lat' dir='ltr'>aequantibus</span> <span class='ocrx_word' id='word_1_159' title='bbox 886 2691 980 2757; x_wconf 84' lang='lat' dir='ltr'>utar,</span> 
     </span>
     <span class='ocr_line' id='line_1_25' title="bbox 115 2778 1027 2870; baseline 0.013 -27"><span class='ocrx_word' id='word_1_160' title='bbox 115 2778 213 2844; x_wconf 89' lang='lat' dir='ltr'>sicet</span> <span class='ocrx_word' id='word_1_161' title='bbox 230 2779 397 2845; x_wconf 90' lang='lat' dir='ltr'>Saturnus</span> <span class='ocrx_word' id='word_1_162' title='bbox 416 2780 525 2845; x_wconf 91' lang='lat' dir='ltr'>minor</span> <span class='ocrx_word' id='word_1_163' title='bbox 542 2793 594 2846; x_wconf 89' lang='lat' dir='ltr'>est</span> <span class='ocrx_word' id='word_1_164' title='bbox 605 2781 704 2866; x_wconf 73' lang='lat' dir='ltr'>jove.</span> <span class='ocrx_word' id='word_1_165' title='bbox 750 2785 909 2870; x_wconf 86' lang='lat' dir='ltr'>Juppiter</span> <span class='ocrx_word' id='word_1_166' title='bbox 924 2807 1027 2855; x_wconf 79' lang='lat' dir='ltr'>arces</span> 
     </span>
     <span class='ocr_line' id='line_1_26' title="bbox 115 2887 978 2977; baseline 0.01 -27"><span class='ocrx_word' id='word_1_167' title='bbox 115 2895 281 2970; x_wconf 83' lang='lat' dir='ltr'>temperat</span> <span class='ocrx_word' id='word_1_168' title='bbox 296 2887 465 2952; x_wconf 88' lang='lat' dir='ltr'>aetherias</span> <span class='ocrx_word' id='word_1_169' title='bbox 485 2896 518 2951; x_wconf 89' lang='lat' dir='ltr'>et</span> <span class='ocrx_word' id='word_1_170' title='bbox 535 2889 652 2961; x_wconf 88' lang='lat' dir='ltr'>mundi</span> <span class='ocrx_word' id='word_1_171' title='bbox 670 2911 779 2977; x_wconf 86' lang='lat' dir='ltr'>regna</span> <span class='ocrx_word' id='word_1_172' title='bbox 795 2892 978 2967; x_wconf 66' lang='lat' dir='ltr'>triformisa</span> 
     </span>
     <span class='ocr_line' id='line_1_27' title="bbox 114 2991 1170 3087; baseline 0.017 -31"><span class='ocrx_word' id='word_1_173' title='bbox 114 3003 204 3056; x_wconf 91' lang='lat' dir='ltr'>terra</span> <span class='ocrx_word' id='word_1_174' title='bbox 220 2993 282 3057; x_wconf 93' lang='lat' dir='ltr'>sub</span> <span class='ocrx_word' id='word_1_175' title='bbox 299 2991 477 3079; x_wconf 85' lang='lat' dir='ltr'>Augusto:</span> <span class='ocrx_word' id='word_1_176' title='bbox 502 3007 599 3080; x_wconf 91' lang='lat' dir='ltr'>pater</span> <span class='ocrx_word' id='word_1_177' title='bbox 615 3010 666 3065; x_wconf 88' lang='lat' dir='ltr'>est</span> <span class='ocrx_word' id='word_1_178' title='bbox 683 3010 716 3064; x_wconf 91' lang='lat' dir='ltr'>et</span> <span class='ocrx_word' id='word_1_179' title='bbox 734 3011 844 3070; x_wconf 82' lang='lat' dir='ltr'>rector</span> <span class='ocrx_word' id='word_1_180' title='bbox 860 3011 1014 3087; x_wconf 83' lang='lat' dir='ltr'>uterque.</span> <span class='ocrx_word' id='word_1_181' title='bbox 1117 3019 1170 3074; x_wconf 82' lang='lat'>860</span> 
     </span>
     <span class='ocr_line' id='line_1_28' title="bbox 160 3099 1111 3199; baseline 0.013 -37"><span class='ocrx_word' id='word_1_182' title='bbox 160 3099 218 3175; x_wconf 92' lang='lat' dir='ltr'>Di,</span> <span class='ocrx_word' id='word_1_183' title='bbox 236 3121 369 3186; x_wconf 87' lang='lat' dir='ltr'>precor,</span> <span class='ocrx_word' id='word_1_184' title='bbox 388 3099 530 3169; x_wconf 86' lang='lat' dir='ltr'>Aeneae</span> <span class='ocrx_word' id='word_1_185' title='bbox 550 3106 703 3180; x_wconf 88' lang='lat' dir='ltr'>comites,</span> <span class='ocrx_word' id='word_1_186' title='bbox 715 3107 845 3193; x_wconf 88' lang='lat' dir='ltr'>quibus</span> <span class='ocrx_word' id='word_1_187' title='bbox 862 3107 953 3199; x_wconf 83' lang='lat' dir='ltr'>ensis</span> <span class='ocrx_word' id='word_1_188' title='bbox 970 3118 1006 3175; x_wconf 84' lang='lat' dir='ltr'>et</span> <span class='ocrx_word' id='word_1_189' title='bbox 1019 3108 1111 3197; x_wconf 86' lang='lat' dir='ltr'>ignis</span> 
     </span>
     <span class='ocr_line' id='line_1_29' title="bbox 114 3208 1017 3300; baseline 0.012 -31"><span class='ocrx_word' id='word_1_190' title='bbox 114 3217 300 3283; x_wconf 91' lang='lat' dir='ltr'>cesserunt,</span> <span class='ocrx_word' id='word_1_191' title='bbox 320 3208 421 3294; x_wconf 90' lang='lat' dir='ltr'>dique</span> <span class='ocrx_word' id='word_1_192' title='bbox 441 3211 629 3300; x_wconf 86' lang='lat' dir='ltr'>Indigetes,</span> <span class='ocrx_word' id='word_1_193' title='bbox 649 3213 851 3300; x_wconf 78' lang='lat' dir='ltr'>genitorque</span> <span class='ocrx_word' id='word_1_194' title='bbox 869 3212 1017 3296; x_wconf 79' lang='lat' dir='ltr'>Qirina</span> 
     </span>
     <span class='ocr_line' id='line_1_30' title="bbox 113 3311 907 3407; baseline 0.009 -30"><span class='ocrx_word' id='word_1_195' title='bbox 113 3311 232 3389; x_wconf 90' lang='lat' dir='ltr'>Urbis,</span> <span class='ocrx_word' id='word_1_196' title='bbox 250 3324 283 3379; x_wconf 92' lang='lat' dir='ltr'>et</span> <span class='ocrx_word' id='word_1_197' title='bbox 299 3315 414 3383; x_wconf 88' lang='lat' dir='ltr'>invicti</span> <span class='ocrx_word' id='word_1_198' title='bbox 432 3321 566 3407; x_wconf 87' lang='lat' dir='ltr'>genitor</span> <span class='ocrx_word' id='word_1_199' title='bbox 583 3319 734 3387; x_wconf 81' lang='lat' dir='ltr'>Gradive</span> <span class='ocrx_word' id='word_1_200' title='bbox 755 3319 907 3403; x_wconf 69' lang='lat' dir='ltr'>Quirini,</span> 
     </span>
     <span class='ocr_line' id='line_1_31' title="bbox 112 3418 926 3511; baseline 0.011 -29"><span class='ocrx_word' id='word_1_201' title='bbox 112 3418 287 3508; x_wconf 86' lang='lat' dir='ltr'>Vestaque</span> <span class='ocrx_word' id='word_1_202' title='bbox 305 3423 498 3495; x_wconf 86' lang='lat' dir='ltr'>Caesareos</span> <span class='ocrx_word' id='word_1_203' title='bbox 515 3426 602 3490; x_wconf 88' lang='lat' dir='ltr'>inter</span> <span class='ocrx_word' id='word_1_204' title='bbox 621 3439 754 3490; x_wconf 88' lang='lat' dir='ltr'>sacrata</span> <span class='ocrx_word' id='word_1_205' title='bbox 771 3437 926 3511; x_wconf 84' lang='lat' dir='ltr'>penates,</span> 
     </span>
     <span class='ocr_line' id='line_1_32' title="bbox 113 3529 1167 3618; baseline 0.006 -27"><span class='ocrx_word' id='word_1_206' title='bbox 113 3538 239 3592; x_wconf 90' lang='lat' dir='ltr'>etcum</span> <span class='ocrx_word' id='word_1_207' title='bbox 257 3529 432 3597; x_wconf 89' lang='lat' dir='ltr'>Caesarea</span> <span class='ocrx_word' id='word_1_208' title='bbox 450 3544 499 3606; x_wconf 89' lang='lat' dir='ltr'>tu,</span> <span class='ocrx_word' id='word_1_209' title='bbox 518 3531 659 3597; x_wconf 87' lang='lat' dir='ltr'>Phoebe</span> <span class='ocrx_word' id='word_1_210' title='bbox 677 3531 875 3606; x_wconf 88' lang='lat' dir='ltr'>domestice,</span> <span class='ocrx_word' id='word_1_211' title='bbox 893 3531 1025 3608; x_wconf 83' lang='lat' dir='ltr'>Vesta,</span> <span class='ocrx_word' id='word_1_212' title='bbox 1114 3548 1167 3618; x_wconf 63' lang='grc' dir='ltr'>δός</span> 
     </span>
     <span class='ocr_line' id='line_1_33' title="bbox 112 3635 941 3723; baseline 0.005 -25"><span class='ocrx_word' id='word_1_213' title='bbox 112 3635 238 3722; x_wconf 89' lang='lat' dir='ltr'>quique</span> <span class='ocrx_word' id='word_1_214' title='bbox 255 3649 350 3703; x_wconf 91' lang='lat' dir='ltr'>tenes</span> <span class='ocrx_word' id='word_1_215' title='bbox 369 3638 457 3703; x_wconf 84' lang='lat' dir='ltr'>altus</span> <span class='ocrx_word' id='word_1_216' title='bbox 474 3637 644 3722; x_wconf 81' lang='lat' dir='ltr'>Tarpeias</span> <span class='ocrx_word' id='word_1_217' title='bbox 655 3637 813 3723; x_wconf 90' lang='lat' dir='ltr'>Juppiter</span> <span class='ocrx_word' id='word_1_218' title='bbox 830 3658 941 3713; x_wconf 84' lang='lat' dir='ltr'>arces,</span> 
     </span>
     <span class='ocr_line' id='line_1_34' title="bbox 111 3743 984 3830; baseline -0.002 -23"><span class='ocrx_word' id='word_1_219' title='bbox 111 3765 265 3830; x_wconf 92' lang='lat' dir='ltr'>quosque</span> <span class='ocrx_word' id='word_1_220' title='bbox 286 3745 370 3810; x_wconf 88' lang='lat' dir='ltr'>alios</span> <span class='ocrx_word' id='word_1_221' title='bbox 387 3743 454 3808; x_wconf 89' lang='lat' dir='ltr'>vati</span> <span class='ocrx_word' id='word_1_222' title='bbox 472 3744 524 3809; x_wconf 87' lang='lat' dir='ltr'>fas</span> <span class='ocrx_word' id='word_1_223' title='bbox 541 3743 715 3828; x_wconf 87' lang='lat' dir='ltr'>appellare</span> <span class='ocrx_word' id='word_1_224' title='bbox 732 3743 896 3829; x_wconf 91' lang='lat' dir='ltr'>piumque</span> <span class='ocrx_word' id='word_1_225' title='bbox 913 3752 984 3808; x_wconf 81' lang='lat' dir='ltr'>est:</span> 
     </span>
     <span class='ocr_line' id='line_1_35' title="bbox 111 3848 855 3935; baseline -0.001 -20"><span class='ocrx_word' id='word_1_226' title='bbox 111 3851 209 3916; x_wconf 88' lang='lat' dir='ltr'>tarda</span> <span class='ocrx_word' id='word_1_227' title='bbox 228 3850 269 3916; x_wconf 91' lang='lat' dir='ltr'>sit</span> <span class='ocrx_word' id='word_1_228' title='bbox 286 3851 344 3935; x_wconf 85' lang='lat' dir='ltr'>illa</span> <span class='ocrx_word' id='word_1_229' title='bbox 361 3849 434 3921; x_wconf 81' lang='lat' dir='ltr'>dies</span> <span class='ocrx_word' id='word_1_230' title='bbox 451 3859 484 3917; x_wconf 87' lang='lat' dir='ltr'>et</span> <span class='ocrx_word' id='word_1_231' title='bbox 499 3859 613 3917; x_wconf 86' lang='lat' dir='ltr'>nostro</span> <span class='ocrx_word' id='word_1_232' title='bbox 631 3848 738 3917; x_wconf 90' lang='lat' dir='ltr'>serior</span> <span class='ocrx_word' id='word_1_233' title='bbox 757 3869 855 3926; x_wconf 90' lang='lat' dir='ltr'>aev0,</span> 
     </span>
    </p>
   </div>
   <div class='ocr_carea' id='block_1_3' title="bbox 0 0 1242 4148">
    <p class='ocr_par' dir='ltr' id='par_1_3' title="bbox 0 0 1242 4148">
     <span class='ocr_line' id='line_1_36' title="bbox 0 0 1242 4148; baseline 0 2"><span class='ocrx_word' id='word_1_234' title='bbox 0 0 1242 4148; x_wconf 95' lang='lat' dir='ltr'> </span> 
     </span>
    </p>
   </div>
  </div>
 </body>
</html>
