2476 4148
95 125 138 178 11.
161 124 234 197 176.]
262 105 297 173 T
290 106 333 171 he
356 95 482 173 Steeds'
500 105 585 170 dash
596 105 774 191 forward
794 125 838 169 on
861 102 918 169 tlte
938 101 1079 170 Course.
1104 118 1156 184 23:

97 303 241 370 humida
256 325 326 368 nox
342 302 472 390 tetigit3
497 324 566 368 non
583 313 634 367 est
651 323 745 368 mora
761 300 868 366 libera
884 299 995 366 nobis.

96 409 291 496 poscimur:
316 407 460 493 effulget
475 409 624 474 tenebris
641 429 765 473 aurora
781 406 919 494 iugatis.

86 516 229 603 ,corripe
246 516 318 581 lora
335 535 462 589 manu3
486 515 555 591 vel,
573 514 601 579 si
618 515 781 580 mutabile
797 524 916 599 pectus
1099 542 1147 601 145

96 622 236 700 esttibi,
255 621 419 696 consiliis,
438 642 507 686 non
523 620 679 686 curribus
695 631 790 684 utere
807 619 943 696 nostris,
1057 607 1082 701 ,¹

97 730 186 795 dum·
198 739 305 814 potes,
324 739 357 793 et
373 727 491 793 solidis
507 727 610 791 etiam
626 748 718 791 nunc
735 726 873 791 sedibus
889 727 1017 802 adstaS,

97 837 248 922 dumque
264 835 354 900 male
370 844 503 920 optatos
519 835 671 899 nondum
689 833 816 918 premis
832 832 960 898 inscius
976 853 1072 898 axes·

97 962 186 1029 quae
202 952 293 1007 tutus
309 951 455 1027 spectes,
475 940 548 1006 sine
565 961 620 1005 me
636 941 718 1005 dare
734 939 866 1003 lumina
880 938 1002 1003 terris.’

61 1122 64 1126 ,
143 1048 301 1134 Occupat
316 1049 374 1114 ille
390 1049 500 1112 levem
513 1046 658 1135 juvenili
675 1066 817 1131 corpore
835 1067 985 1121 currum,
1098 1074 1148 1131 150

97 1165 230 1242 statque
246 1171 361 1240 super,
380 1153 603 1239 manibusque
623 1153 720 1217 datas
737 1151 936 1240 contingere
954 1151 1109 1217 habenas

97 1262 237 1349 gaudet,
257 1261 410 1326 etinvito
427 1272 541 1347 grates
560 1259 631 1347 agit
647 1256 726 1323 inde
743 1259 889 1343 parenti.

96 1367 227 1433 interea
242 1368 400 1433 volucres
416 1367 539 1454 Pyrois
556 1366 649 1431 Eot'rs
666 1375 698 1430 et
713 1363 866 1440 Aethon,

97 1473 178 1539 solis
194 1473 285 1560 equi,
304 1484 510 1560 quartusque
527 1471 699 1558 Phlegon,
718 1470 904 1536 hinnitibus
922 1492 1024 1536 auras

96 1579 308 1644 flammiferis
324 1579 479 1665 implent,
498 1579 709 1665 pedibusque
726 1576 895 1663 repagula
911 1579 1062 1661 pulsant·
1097 1605 1145 1663 155

96 1707 185 1771 quae
202 1697 381 1772 postquam
397 1685 544 1771 Tethys,
562 1684 708 1750 fatorum
725 1683 846 1771 ignara
863 1682 1009 1768 nepotis,
1107 1757 1109 1759 ,

96 1778 257 1877 reppulit,
275 1803 309 1858 et
323 1792 413 1856 sacta
430 1802 481 1856 est
496 1790 655 1856 immensi
672 1791 770 1876 copia
787 1788 920 1864 mundi,

96 1899 290 1983 corripuere
306 1897 412 1974 viam,
431 1897 644 1983 pedibusque
660 1919 722 1983 per
738 1901 818 1961 aera
836 1895 935 1961 motis

96 2006 267 2082 obstantes
284 2005 444 2070 scindunt
459 2005 616 2079 nebulas,
635 2004 824 2089 pennisque
841 2001 943 2068 levati

70 2158 76 2167 .
95 2123 312 2198 praetereunt
327 2122 418 2176 ortos
434 2112 543 2176 isdem
560 2112 602 2176 de
619 2111 771 2195 partibus
791 2111 913 2177 Euros.
1096 2125 1146 2180 160

141 2218 212 2283 Sed
228 2219 303 2283 leve
320 2219 454 2303 pondus
471 2229 555 2293 erat,
575 2238 638 2282 nec
655 2217 746 2304 quod
763 2236 974 2304 cognoscere
991 2227 1131 2301 possent

96 2321 187 2387 Solis
203 2322 295 2408 equi,
313 2322 479 2408 solitaque
493 2322 616 2409 jugum
633 2320 800 2408 gravitate
819 2321 969 2385 carebat.

61 2471 67 2482 ·
94 2438 199 2513 utque
215 2429 332 2493 labant
347 2448 473 2493 curvae
486 2427 577 2515 justo
594 2427 666 2492 sine
685 2427 836 2512 pondere
853 2447 972 2503 naves,

94 2555 223 2621 perque
240 2556 333 2600 mare
351 2534 525 2599 instabiles
542 2533 648 2598 nimia
664 2533 800 2600 levitate
818 2532 985 2611 feruntur,

95 2640 144 2704 sic
160 2661 263 2704 onere
280 2650 415 2705 assueto
432 2661 560 2705 vacuus
577 2641 687 2706 datin
705 2645 785 2705 aere
802 2641 922 2716 saltuS,
1095 2657 1143 2728 165

94 2746 345 2832 succutiturque
362 2747 441 2821 alte,
460 2728 648 2832 similisque
665 2757 716 2811 est
732 2769 852 2812 currus
869 2747 974 2811 inani.
1131 2731 1141 2749 ’

93 2852 185 2937 quod
202 2852 303 2917 simul
320 2873 361 2916 ac
378 2873 529 2927 sensere,
548 2864 661 2929 ruunt,
679 2853 863 2940 tritumque
881 2852 1076 2938 relinquunt

93 2957 288 3045 quadrijugi
305 2958 465 3043 spatium,
484 2979 548 3022 nec
564 2980 632 3044 quo
649 2959 755 3044 prius,
775 2959 894 3025 ordine
911 2969 1061 3022 currunt.

92 3063 166 3149 ipse
182 3076 303 3148 pavet3
329 3085 393 3129 nec
409 3085 477 3150 qua
494 3065 695 3131 commissas
710 3065 824 3130 flectat
840 3065 1005 3138 habenas,

91 3191 157 3235 nee
174 3170 236 3236 scit
251 3192 320 3257 qua
336 3171 379 3236 sit
393 3171 469 3247 iter,
488 3193 565 3247 nec,
584 3172 612 3236 si
630 3172 726 3246 sciat,
745 3170 888 3256 imperet
903 3169 981 3234 illis.
1095 3199 1144 3253 170

136 3276 229 3340 Tum
246 3277 392 3363 primum
410 3279 515 3343 radiis
532 3278 637 3365 gelidi
655 3279 792 3343 caluere
809 3277 947 3352 triones,

91 3383 241 3448 et·vetit0
258 3384 380 3449 frustra
397 3394 604 3470 temptarunt
620 3405 767 3469 aequore
784 3383 907 3471 tingui,

91 3510 247 3576 quaeque
263 3492 343 3576 polo
362 3491 471 3577 posita
490 3501 540 3554 est
555 3490 695 3577 glaciali
712 3490 869 3574 proxima
885 3488 1050 3574 Serpens,

91 3596 217 3682 frigore
233 3597 333 3684 pigra
350 3598 457 3682 prius
476 3617 541 3661 nec
557 3596 780 3661 formidabilis
797 3595 870 3672 ulli,

90 3701 232 3769 incaluit
248 3704 460 3789 sumpsitque
477 3723 585 3766 novas
603 3702 790 3767 fervoribus
807 3702 887 3766 iras.
1094 3731 1141 3787 ¹75

86 3819 123 3876 te
138 3830 275 3898 quoque
290 3809 459 3874 turbatum
477 3819 668 3897 memorant
684 3807 827 3896 fugisse,
847 3805 965 3883 Boote,
