2476 4148
115 145 161 213 68
348 144 420 213 Tae
441 145 713 213 Enchantments
736 149 784 230 of
794 144 935 211 Medea.
1026 163 1169 235 [Mam

119 343 324 433 aggrediare
340 342 449 418 nefas,
469 354 501 408 et
517 343 597 408 dum
615 343 706 418 licet,
724 341 840 429 effuge
855 341 1011 407 crimen!

118 453 223 525 dixit;
249 461 281 514 et
298 460 375 512 ante
392 450 510 513 oculos
528 461 657 512 rectum
675 448 851 535 pietasque
868 449 1047 535 pudorque
1136 500 1139 505 >

118 557 348 630 constiterant,
368 565 401 618 et
416 555 504 618 victa
521 556 625 618 dabat
638 554 710 640 jam
728 566 823 640 terga
841 553 991 638 Cupido.

163 664 238 727 Ibat
255 664 298 727 ad
317 660 474 747 antiquas
493 660 643 724 Hecates
660 660 841 724 Perseidos
857 680 949 737 araS,

117 792 202 857 quas
219 792 340 834 nemus
357 770 555 833 umbrosum
573 778 773 853 secretaque
789 767 875 831 silva
890 768 1042 853 tegebat.
1135 800 1170 856 75

117 890 150 942 et
161 877 233 964 jam
250 876 344 941 sortis
361 886 444 950 erat,
464 875 650 959 pulsusque
666 884 855 938 recesserat
869 875 993 949 ardor3

117 1003 195 1048 cum
211 983 305 1048 videt
319 981 533 1056 Aesoniden,
552 980 786 1065 exstinctaque
803 979 943 1044 flamma
959 979 1097 1047 revixit.

116 1090 281 1154 erubuere
299 1110 423 1176 genae,
443 1097 579 1173 totoque
596 1087 774 1151 recanduit
789 1106 861 1161 ore,

115 1207 219 1280 utque
235 1196 320 1260 solet
335 1195 445 1259 ventis
462 1195 626 1257 alimenta
643 1213 829 1267 assumere,
849 1213 1007 1280 quaeque

115 1323 222 1387 parva
239 1301 456 1366 subinducta
473 1300 570 1364 latuit
585 1299 732 1364 scintilla
749 1298 879 1373 favilla,
1132 1319 1170 1374 30

116 1427 283 1483 crescere,
301 1418 334 1472 et
349 1407 385 1471 in
401 1417 533 1471 veteres
550 1406 679 1493 agitata
696 1425 876 1492 resurgere
893 1404 996 1481 vireS,

115 1513 164 1578 sic
177 1514 249 1601 jam
266 1515 377 1579 lentus
394 1535 502 1590 amor,
515 1513 589 1601 jam
607 1534 709 1599 quem
727 1513 893 1600 languere
910 1523 1063 1597 putareS,

114 1633 151 1685 ut
167 1621 249 1685 vidit
261 1621 436 1708 juvenem,
454 1621 569 1706 specie
586 1620 775 1705 praesentis
790 1619 921 1685 inarsit.

160 1727 204 1792 Et
220 1749 302 1793 casu
318 1729 416 1793 solito
433 1728 612 1793 formosior
628 1726 767 1792 Aesone
784 1738 885 1792 natus

113 1832 173 1897 illa
191 1835 267 1898 luce
283 1834 365 1898 fuit:
391 1856 509 1919 posses
519 1835 705 1922 ,ignoscere
723 1832 863 1898 amanti.

114 1950 256 2024 spectat,
275 1941 358 2005 etin
375 1942 468 2005 vultu
485 1941 588 2007 veluti
606 1953 677 2006 tum
695 1941 842 2027 denique
858 1940 933 2006 viso

113 2046 243 2110 lumina
260 2048 329 2111 fixa
346 2057 449 2122 tenet,
467 2067 532 2112 nec
548 2067 585 2112 se
602 2048 758 2114 mortalia
775 2049 918 2113 demens

114 2173 175 2216 ora
190 2153 306 2217 videre
322 2164 429 2238 putat,
447 2175 512 2219 nec
529 2176 566 2219 se
581 2154 731 2220 declinat
746 2156 790 2219 ab
807 2155 879 2219 illo.

49 2314 52 2323 .
113 2269 150 2323 ut
166 2280 246 2324 vero
264 2259 441 2346 coepitque
457 2261 563 2346 loqui,
582 2261 804 2347 dextramque
821 2261 1002 2346 prehendit

114 2365 252 2450 hospes,
272 2377 304 2431 et
319 2367 486 2432 auxilium
504 2369 687 2432 summissa
703 2389 788 2433 voce
805 2370 952 2457 rogavit,
1129 2402 1167 2458 90

114 2472 334 2559 promisitque
350 2485 474 2549 torum,
493 2475 643 2539 lacrimis
660 2475 706 2539 ait
722 2474 780 2538 illa
798 2475 965 2560 profusis:

116 2588 125 2617 ⁶
140 2575 235 2660 Quid
252 2579 375 2643 faciam
390 2581 490 2645 video
503 2602 511 2655 3
537 2603 602 2646 nec
620 2602 674 2645 me
690 2582 885 2668 ignorantia
900 2583 972 2647 veri

115 2679 272 2764 decipiet,
291 2681 351 2745 sed
368 2702 475 2746 amor.
526 2681 718 2747 Servabere
736 2705 876 2748 munere
894 2696 1029 2750 nostro:

114 2799 267 2852 servatus
284 2788 449 2872 promissa
467 2788 570 2853 dato!
617 2789 684 2853 Per
701 2810 800 2855 sacra
816 2790 977 2855 triformis

113 2893 171 2958 ille
188 2894 286 2970 deae,
305 2894 449 2979 lucoque
466 2895 551 2959 soret
567 2897 659 2982 quod
677 2917 802 2961 numen
819 2896 855 2962 in
873 2897 945 2972 illu,

114 3021 242 3086 perque
258 3010 388 3084 patrem
406 3000 514 3065 soceri
533 3014 728 3068 cernentem
746 3015 870 3069 cuncta
886 3002 1002 3079 futuri,

115 3118 323 3191 eventusque
340 3127 419 3170 suos
437 3118 470 3172 et
485 3118 578 3173 tanta
596 3110 749 3194 pericula
762 3110 865 3198 jurat.

116 3213 262 3277 creditus
279 3213 411 3297 accepit
427 3225 581 3280 cantatas
598 3217 750 3300 protinus
768 3218 904 3293 herbas,

116 3318 319 3404 edidicitque
335 3341 449 3395 usum,
468 3322 644 3409 laetusque
659 3323 696 3386 in
712 3333 806 3388 tesca
822 3323 972 3388 recessit.

159 3423 301 3488 Postera
318 3426 496 3511 depulerat
511 3429 627 3494 stellas
644 3450 767 3494 aurora
784 3430 969 3494 micantes:

116 3531 321 3596 conveniunt
338 3535 454 3619 populi
472 3556 608 3599 sacrum
625 3534 790 3600 Mavortis
807 3536 842 3599 in
860 3556 993 3608 arvum,

114 3637 370 3727 consistuntque
383 3640 489 3728 jugis.
539 3640 658 3705 Medio
674 3662 736 3705 rex
752 3641 826 3726 ipse
843 3641 968 3706 resedit

116 3747 268 3833 agmine,
287 3767 478 3833 purpureus
495 3757 695 3832 sceptroque
711 3747 857 3834 insignis
873 3747 1016 3811 eburno.

116 3874 197 3919 ecce
215 3853 427 3919 adamanteis
443 3852 626 3916 volcanum
644 3851 782 3918 naribus
799 3853 917 3918 efflant
1053 3845 1057 3855 ’
