2476 4148
120 132 185 203 106
413 137 484 203 The
506 137 624 204 Death
647 141 696 223 of
714 135 884 226 Orpheus.
1024 155 1167 227 [mmm.

118 341 224 408 arcet,
242 343 275 398 et
290 332 325 397 in
342 332 491 417 lapidem
508 333 612 399 rictus
629 333 797 418 serpentis
814 343 949 417 apertos

117 439 290 525 congelat,
309 448 342 501 et
357 438 503 521 patuloS,
521 449 558 502 ut
574 449 682 514 erant,
702 439 839 503 indurat
855 438 980 505 hiatus.
1134 459 1170 514 60

162 543 295 609 Umbra
313 542 402 607 subit
417 552 536 618 terrae,
555 553 588 608 et
604 564 692 629 quae
708 545 785 609 loca
800 542 932 608 viderat
949 555 1042 622 ante,

118 658 240 713 cuncta
257 647 472 734 recognoscit
482 670 491 722 3
516 669 752 734 quaerensque
768 669 830 732 per
846 669 928 713 arva
946 651 1083 735 piorum

117 752 247 818 invenit
262 752 472 839 Eurydicen,
491 753 692 838 cupidisque
709 754 925 837 amplectitur
940 757 1045 822 ulnis.

118 859 175 924 hic
190 858 292 925 modo
309 857 498 946 conjunctis
514 858 703 942 spatiantur
719 859 877 942 passibus
895 862 1010 938 ambo,

117 985 209 1029 nunc
226 964 487 1048 praecedentem
505 963 668 1048 sequitur,
687 985 780 1028 nunc
796 966 958 1050 praevius
975 968 1093 1046 anteit,
1135 987 1169 1058 65

118 1069 383 1156 Eurydicenque
401 1090 498 1134 suam
511 1069 584 1154 jam
601 1079 671 1134 tuto
688 1071 827 1154 respicit
844 1071 1017 1157 Orpheus.

162 1174 244 1240 Non
260 1176 400 1261 impune
416 1186 531 1240 tamen
548 1175 659 1239 scelus
676 1176 743 1240 hoc
759 1177 838 1243 sinit
854 1200 930 1244 esse
946 1178 1111 1268 Lyaeus:

119 1282 312 1369 amissoque
329 1284 448 1348 dolens
465 1303 639 1347 sacrorum
656 1293 733 1349 vate
756 1306 908 1362 suorum,

118 1388 270 1475 protinus
286 1389 321 1454 in
338 1387 431 1453 silvis
448 1398 572 1454 matres
589 1387 765 1456 Edonidas
782 1413 912 1468 omnes,

117 1520 207 1585 quae
222 1497 338 1562 videre
356 1497 465 1573 nefas,
483 1508 569 1563 torta
585 1498 701 1564 radice
718 1497 851 1587 ligavit.
1136 1531 1172 1586 70

118 1604 245 1692 quippe
261 1604 388 1689 pedum
405 1603 543 1690 digitos,
561 1604 597 1668 in
613 1616 778 1691 quantum
796 1628 953 1694 quaeque
970 1618 1088 1674 secuta
1104 1619 1169 1686 est,

117 1712 232 1786 traxit,
251 1720 284 1775 et
300 1709 335 1774 in
352 1709 498 1774 solidam
515 1710 656 1776 detrusit
672 1712 830 1777 acumine
847 1724 994 1789 terram;
1170 1700 1176 1718 ’

118 1827 222 1904 utque
238 1838 339 1882 suum
354 1817 501 1901 laqueis,
519 1838 605 1903 quos
622 1817 766 1883 callidus
784 1818 914 1883 abdidit
930 1839 1073 1906 auceps,

119 1945 197 1988 crus
212 1921 272 1986 ubi
288 1922 458 1988 commisit
473 1923 634 2000 volucris,
654 1924 825 2010 sensitque
842 1925 965 2002 teneri,

119 2029 307 2117 plangitur,
325 2049 367 2094 ac
383 2029 558 2114 trepidans
575 2030 732 2117 astringit
747 2031 884 2096 vincula
902 2042 1017 2099 motu:
1136 2061 1169 2120 75

120 2136 182 2212 sic,
200 2146 237 2200 ut
253 2155 409 2223 quaeque
428 2136 500 2201 solo
518 2136 632 2200 defixa
650 2137 849 2202 cohaeserat
865 2139 1001 2216 harum,

120 2254 314 2309 exsternata
331 2243 450 2329 fugam
468 2243 592 2307 frustra
609 2243 816 2326 temptabam
841 2255 876 2309 at
891 2243 987 2310 illam

120 2351 211 2416 lenta
228 2359 320 2415 tenet
335 2349 447 2424 radix,
467 2348 762 2433 exsultantemque
780 2354 927 2415 coercet.

121 2459 270 2543 dumque
282 2456 340 2520 ubi
355 2456 421 2521 sint
437 2454 547 2542 digiti,
562 2455 643 2519 dum
658 2474 720 2538 pes
733 2455 803 2530 ubi,
819 2456 960 2542 quaerit,
974 2468 1008 2522 et
1019 2479 1168 2547 ungues,

121 2564 242 2649 aspicit
258 2564 293 2627 in
308 2572 432 2627 teretes
448 2561 584 2648 lignum
600 2561 786 2632 succedere
803 2583 920 2637 suras3
1023 2594 1027 2598 ·
1137 2583 1171 2636 30

121 2682 156 2737 et
171 2681 292 2737 conata
308 2670 420 2735 femur
437 2666 602 2732 maerenti
619 2667 785 2753 plangere
803 2667 935 2743 dextra,

121 2780 244 2844 robora
260 2776 439 2865 percussit.
489 2774 614 2840 Pectus
631 2794 766 2860 quoque
783 2774 904 2839 robora
920 2776 1025 2850 fiunt3

122 2886 245 2951 robora
261 2894 340 2951 sunt
355 2882 509 2958 humeri3
536 2891 760 2967 porrectaque
776 2879 940 2946 bracchia
955 2903 1056 2950 veros

122 3013 198 3059 esse
214 3002 313 3079 putes
328 3011 455 3069 ramos,
474 3000 508 3056 et
523 3010 593 3056 non
609 2987 730 3054 fallare
747 2986 912 3073 putando.
1093 2978 1095 2982 '
