2476 4148
91 134 132 188 X.
147 131 205 205 74]
362 113 565 208 Half-wan,
583 114 643 191 but
664 113 729 178 lost
751 115 872 200 agath.

93 329 293 396 exsangues
309 309 437 375 flebant
453 308 610 382 animae;
636 330 701 374 nec
716 309 886 374 Tantalus
902 309 1032 377 undam

93 415 244 500 captavit
260 415 430 509 refugam,
450 415 644 501 stupuitque
661 414 791 480 Ixionis
807 415 912 492 orbis,

92 540 159 606 nec
176 540 334 605 carpsere
347 521 446 607 jecur
461 521 630 595 volucres,
650 521 813 610 urnisque
829 532 1003 586 vacarunt.

93 623 245 700 Belides,
264 625 367 711 inque
383 636 440 690 tuo
458 625 587 701 sedisti,
605 626 769 713 Sisyphe,
788 648 884 693 saxo.

92 741 175 796 tunc
191 731 339 816 primum
356 731 507 796 lacrimis
523 732 690 796 victarum
707 733 858 797 carmine
875 732 967 797 fama
984 743 1035 798 est
1109 763 1144 819 45

93 836 327 900 Eumenidum
345 837 518 902 maduisse
535 858 656 924 genas.
705 837 784 902 Nec
799 837 896 924 regia
913 839 1065 927 conjunx

93 942 236 1007 sustinet
251 942 373 1017 oranti,
392 963 457 1007 nec
473 943 530 1029 qui
547 944 636 1030 regit
652 943 735 1018 ima,
754 964 904 1030 negare:

93 1047 359 1148 Eurydicenque
375 1060 511 1114 vocant.
560 1048 711 1114 Umbras
728 1060 799 1113 erat
815 1048 874 1113 illa
890 1059 1045 1115 recentes

92 1154 192 1230 inter,
212 1165 244 1218 et
261 1153 399 1219 incessit
416 1176 519 1239 passu
537 1156 579 1220 de
595 1156 737 1219 vulnere
753 1155 862 1219 tardo.

93 1261 185 1325 hanc
202 1259 304 1325 simul
321 1271 354 1324 et
370 1260 485 1347 legem
502 1260 730 1345 Rhodopeius
747 1260 871 1345 accipit
887 1260 999 1336 heros,
1111 1291 1144 1346 50
1232 1286 1234 1290 ⁴

93 1387 137 1430 ne
153 1364 268 1430 flectat
283 1376 372 1431 retro
389 1386 452 1430 sua
468 1365 613 1440 lumina,
632 1366 743 1431 donec
758 1365 918 1432 Avernas

92 1472 216 1550 exierit
228 1471 349 1546 valles,
368 1482 427 1536 aut
442 1471 534 1536 irrita
552 1473 643 1536 dona
660 1471 784 1537 futura.

138 1574 300 1662 Carpitur
316 1577 455 1642 acclivis
472 1598 534 1662 per
550 1587 643 1640 muta
661 1577 796 1642 silentia
813 1587 952 1654 trames,

92 1683 234 1758 arduus,
252 1683 430 1758 obscurus,
450 1683 600 1770 caligine
618 1684 744 1748 densus
760 1703 883 1769 opaca.

91 1809 157 1854 nec
173 1789 293 1873 procul
309 1789 468 1853 afuerunt
483 1790 613 1854 telluris
630 1790 786 1877 margine
803 1811 979 1859 summaer
1109 1819 1142 1879 55

92 1895 162 1969 hic,
181 1915 224 1959 ne
240 1886 401 1960 deficeret
418 1905 585 1971 metuens,
604 1895 793 1982 avidusque
809 1896 963 1973 videndi,
1175 1902 1178 1906 ⁴

89 1999 187 2065 flexit
203 2021 323 2065 amans
339 2001 477 2075 oculos3
502 2013 535 2065 et
550 2001 703 2086 protinus
719 2002 779 2066 illa
795 2002 929 2088 relapsa
947 2012 1009 2079 est,
1177 2087 1180 2092 Ι

89 2107 322 2195 bracchiaque
339 2107 518 2173 intendens
536 2109 724 2195 prendique
741 2120 775 2175 et
791 2110 960 2195 prendere
976 2121 1119 2197 captans

90 2215 140 2280 nil
157 2213 222 2279 nisi
240 2216 400 2280 cedentes
416 2215 537 2280 infelix
553 2215 670 2302 arripit
682 2203 800 2281 auras.

87 2322 231 2413 jamque
247 2322 369 2387 iterum
387 2322 535 2387 moriens
552 2343 621 2388 non
638 2333 688 2388 est
703 2324 746 2388 de
764 2322 911 2411 conjuge
927 2322 1112 2409 quicquam

90 2441 212 2518 questa
228 2452 312 2496 suo:
337 2432 420 2519 quid
436 2431 527 2498 enim
544 2431 610 2496 nisi
627 2453 664 2497 se
680 2442 878 2518 quereretur
894 2429 1067 2496 amatam?

91 2559 359 2625 supremumque
388 2537 503 2604 Vale!
526 2540 617 2625 quod
629 2540 702 2629 jam
719 2539 778 2604 vix
794 2540 933 2604 auribus
949 2539 1007 2605 ille

92 2644 275 2730 acciperet,
295 2645 392 2720 dixit,
411 2647 631 2733 revolutaque
648 2669 765 2711 rursus
782 2646 903 2711 eodem
920 2657 984 2710 est.

138 2750 220 2817 Non
237 2752 334 2816 aliter
349 2753 476 2836 stupuit
490 2753 629 2839 gemina
646 2774 731 2818 nece
748 2752 905 2840 conjugis
922 2750 1097 2836 Orpheus,

92 2876 196 2941 quam
213 2855 276 2919 tria
293 2855 351 2941 qui
368 2856 519 2931 timidus,
539 2858 652 2922 medio
669 2869 824 2941 portante
841 2868 994 2930 catenas,
1109 2871 1143 2941 63

92 2962 183 3025 colla
200 2961 295 3050 canis
310 2962 413 3037 vidit3
438 2984 540 3049 quem
558 2985 627 3028 non
643 2986 750 3049 pavor
766 2975 843 3028 ante
861 2962 1006 3050 reliquit,

92 3088 197 3154 quam
216 3079 335 3132 natura
353 3069 455 3153 prior,
472 3091 556 3134 saxo
574 3092 634 3155 per
651 3092 774 3155 corpus
791 3071 928 3135 oborto:

93 3175 220 3260 quique
237 3168 326 3239 in”se
344 3175 471 3239 crimen
489 3176 591 3240 traxit
607 3176 779 3262 voluitque
797 3174 903 3241 videri
947 3166 949 3169 ¹

95 3278 225 3347 Olenos
242 3301 318 3346 esse
335 3302 475 3356 nocens,
494 3292 597 3367 tuque
615 3281 646 3347 Ο
664 3265 797 3346 confisa
809 3283 957 3370 figurae,

95 3382 215 3448 infelix
232 3382 400 3458 Lethaea,
420 3394 511 3459 tuae,
526 3383 741 3471 junctissima
756 3386 932 3471 quondam
1111 3413 1147 3470 70

96 3501 248 3574 pectora,
267 3510 358 3553 nunc
374 3489 520 3574 lapides,
537 3511 622 3574 quos
639 3489 781 3555 humida
798 3491 939 3556 sustinet
955 3468 1029 3558 Ide.

141 3595 306 3661 Orantem
323 3596 513 3683 frustraque
530 3595 650 3660 iterum
667 3597 810 3662 transire
827 3599 999 3666 volentem

97 3703 236 3788 portitor
253 3711 418 3767 arcuerat.
468 3701 606 3786 Septem
624 3713 738 3766 tamen
756 3704 812 3767 ille
830 3703 950 3770 diebus

97 3809 275 3895 squalidus
290 3809 325 3873 in
342 3809 417 3895 ripa
433 3805 569 3874 Cereris
587 3807 659 3873 sine
677 3830 818 3875 munere
835 3811 943 3886 sedit;
