2476 4148
98 155 161 208 12'2
287 143 470 229 .szalry
494 142 542 228 (ff
554 138 654 227 Asux
676 138 750 203 and
777 137 926 224 Ulysses.
1000 153 1148 225 [Mamur.

96 363 176 405 uam
194 339 278 404 mihi
295 337 439 405 Laertes
456 350 552 425 pater
569 348 632 414 est,
650 335 814 402 Arcesius
830 333 898 411 ini,-

90 447 248 533 Juppiter
279 447 378 520 huic;
416 468 527 532 neque
556 445 590 509 in
618 444 671 508 his
699 443 878 530 quisquam
906 440 1090 506 damnatus
1116 451 1151 506 et

231 554 341 618 exsul.
1099 575 1149 632 ι45

95 670 145 724 est
161 682 298 747 quoque
316 683 378 746 per
395 670 538 725 matrem
556 657 736 746 Cyllenius
754 655 870 722 addita
886 654 984 720 nobis

94 768 201 831 altera
217 768 396 833 nobilitas:
422 769 508 833 deus
524 766 624 832 estin
641 776 784 851 utroque
801 775 954 849 parente.

141 884 149 913 ‘
167 873 238 938 Sed
255 895 366 960 neque
383 887 538 940 materno
554 872 646 960 quod
663 894 739 937 sum
757 869 956 958 generosior
971 878 1061 944 ortu,

93 1001 158 1044 nec
175 980 257 1044 mihi
274 981 366 1066 quod
383 991 479 1065 pater
496 991 547 1044 est
563 978 700 1043 fraterni
718 976 897 1064 sanguinis
914 976 1047 1052 insons,

93 1087 265 1171 proposita
283 1108 377 1150 arma
394 1097 494 1171 peto:
521 1085 648 1150 meritis
665 1083 848 1168 expendite
865 1103 1019 1146 causam.
1098 1109 1149 1167 150

94 1193 279 1257 dummodo
296 1193 387 1278 quod
405 1193 525 1257 fratres
540 1192 712 1255 Telamon
729 1189 922 1274 Peleusque
939 1187 1079 1254 fuerunt

93 1297 212 1385 Ajacis
231 1300 387 1363 meritum
406 1321 473 1363 non
492 1299 545 1374 sit,
563 1319 629 1362 nec
645 1296 825 1384 sanguinis
841 1296 940 1372 orde,

94 1405 155 1469 sed
173 1405 302 1469 virtutis
320 1406 429 1470 honor
446 1406 563 1490 spoliis
579 1415 763 1491 quaeratur
779 1403 815 1466 iu
831 1402 916 1467 istis,

94 1522 151 1574 aut
164 1511 244 1575 -si
262 1511 462 1596 proximitas
480 1511 678 1596 primusque
695 1509 876 1596 requiritur
892 1510 1047 1575 heres-
1131 1583 1133 1586 Α

94 1630 144 1682 est
160 1618 294 1704 genitor
310 1617 448 1693 Peleus,
467 1629 519 1683 est
534 1617 688 1705 Pyrrhus
705 1617 795 1682 filius
812 1617 872 1681 illi.
1098 1645 1146 1704 ¹55

93 1724 168 1809 quis
186 1725 280 1789 locus
297 1723 420 1813 Ajaci?
443 1724 605 1790 Phthiam
623 1726 709 1789 haec
726 1723 905 1810 Scyronve
921 1725 1088 1790 ferantur.

94 1851 158 1894 nec
175 1831 286 1894 miuus
304 1842 354 1895 est
370 1831 433 1895 isto
449 1831 587 1896 Teucer
602 1830 766 1916 patruelis
783 1829 934 1895 Achilli:

93 1957 175 2000 num
193 1937 274 2022 petit
290 1937 347 2000 ille
364 1937 499 2001 tamen?
515 1959 607 2015 num,
618 1939 645 2003 si
656 1949 761 2023 petat,
781 1936 912 2002 auferat
928 1936 1010 2002 illa?

93 2063 177 2129 ergo
193 2065 335 2127 operum
352 2043 512 2128 quoniam
531 2045 660 2108 nudum
680 2056 852 2108 certamen
871 2044 1030 2118 habetur,
1126 2100 1129 2109 .

93 2150 191 2234 plura
208 2150 345 2235 quidem
363 2149 426 2213 feci
444 2171 547 2236 quam
564 2171 652 2235 quae
669 2151 916 2236 comprendere
933 2150 1033 2215 dictis
1096 2166 1147 2221 160

92 2256 128 2320 in
145 2268 302 2341 promptu
320 2255 403 2319 mihi
421 2257 482 2329 sit;
510 2277 622 2320 rerum
640 2267 754 2321 tamen
772 2258 891 2322 ordine
909 2258 1029 2322 ducar.

141 2373 149 2403 ‘
166 2361 325 2427 Praescia
342 2362 475 2426 venturi
493 2362 641 2449 genitrix
658 2363 786 2428 Nereia
804 2364 861 2429 leti

93 2469 284 2533 dissimulat
300 2470 391 2533 cultu
409 2481 548 2534 natum:
574 2471 756 2555 deceperat
772 2493 919 2548 omnes‚.
978 2541 980 2546 ,
1049 2487 1053 2493 ’

91 2574 264 2660 inquibus
282 2573 441 2662 Ajacem,
461 2587 616 2660 sumptae
633 2577 770 2641 fallacia
788 2579 901 2643 vestis.

94 2702 189 2745 arma
206 2702 272 2767 ego
290 2681 459 2757 femineis,
478 2681 631 2746 animum
651 2688 783 2748 motura
799 2684 946 2760 virilem,
1095 2702 1145 2772 165

94 2788 263 2851 mercibus
281 2787 419 2851 inserui.
470 2787 594 2874 Neque
613 2791 727 2856 adhuc
745 2792 935 2880 projecerat
952 2793 1054 2858 heros

92 2893 264 2980 virgineos
282 2894 429 2958 habitus.
449 2915 526 2958 cum
544 2918 700 2980 parmam
718 2899 921 2984 hastamque
937 2898 1065 2964 tenenti

91 2998 192 3065 Nata
209 3001 273 3063 dea
293 2999 402 3086 (dixi)
422 3001 488 3064 tibi
501 3023 536 3064 se
546 3005 714 3088 peritura
732 3014 913 3068 reservant

91 3105 281 3190 Pergama.
331 3106 432 3190 Quid
446 3110 582 3174 dubitas
600 3112 772 3196 mgentem
789 3122 944 3177 evertere
967 3112 1002 3179 T
996 3114 1110 3200 rojam
1124 3110 1146 3179 9

90 3211 259 3299 injecique
277 3234 429 3289 manum,
450 3215 639 3302 fortemque
658 3217 701 3281 ad
718 3216 816 3283 fortia
834 3220 924 3284 misi.
1094 3249 1145 3303 170

91 3338 175 3402 ergo
192 3339 297 3401 opera
313 3319 404 3385 illius
423 3342 499 3385 mea
516 3333 604 3386 sunt.
652 3322 729 3411 Ego
745 3325 926 3411 Telephon
945 3329 1044 3392 hasta

91 3434 302 3509 pugnantem
321 3427 458 3502 domui;
484 3429 611 3493 victum
627 3441 849 3518 orantemque
866 3433 983 3497 refeci.

90 3529 181 3614 quod
192 3529 336 3595 Thebae
352 3533 520 3608 cecidere,
537 3555 651 3598 meum
666 3546 726 3599 est.
773 3536 834 3602 Me
848 3538 975 3602 credite
989 3537 1142 3616 Lesbon,

91 3657 145 3699 me
162 3636 344 3712 Tenedon,
363 3636 604 3724 Chrysenque,
624 3651 656 3705 et
671 3639 799 3718 Cillan,
818 3641 991 3728 Apollinis
1008 3646 1126 3718 urbes,

90 3753 123 3806 et
140 3741 275 3830 Scyron
293 3743 440 3828 cepisse.
490 3744 572 3809 Mea
591 3766 757 3812 concussa
775 3760 890 3833 putate
1095 3779 1143 3837 175

91 3850 314 3933 procubuisse
331 3852 403 3916 solo
420 3849 591 3938 Lyrnesia
608 3852 743 3929 moenia
760 3854 893 3919 dextra.
