2476 4148
88 181 162 253 ΧΠ·
180 181 250 252 139]

292 231 295 234 ,
432 166 550 232 ΒεαίΙι
575 168 622 250 of
641 165 793 252 Cygnus,

88 359 266 445 quasque'
284 359 330 425 ait
347 371 356 402 ‘
372 372 449 426 ante
465 362 584 426 habuit
598 362 702 438 vires,
720 360 840 426 effudit
856 359 891 424 in
906 356 998 425 uno?

89 485 171 527 nam
188 475 279 529 certe
295 466 400 542 valui,
418 467 474 530 vel
491 488 568 530 cum
587 466 758 554 Lyrnesia
774 467 905 552 primus

89 567 227 631 moenia
243 568 365 654 dejeci,
385 570 438 634 vel
456 591 533 634 cum
550 570 787 656 Tenedonque
804 590 935 655 suoque

89 672 273 738 Eetioneas
290 674 429 759 implevi
447 676 615 762 sanguine
632 676 795 751 Thebas3

88 780 145 843 vel
163 800 240 843 cum
257 802 449 866 purpureus
466 783 621 866 populari
639 783 745 846 caede
762 776 903 868 Ca'ycus

88 885 200 962 fluxit,
218 909 373 974 opusque
390 909 487 953 meae
502 889 555 953 bis
572 888 678 953 sensit
692 886 873 972 Telephus
890 874 1018 956 ha'stae.

89 992 147 1056 hic
163 1014 298 1079 quoque
315 1004 362 1058 tot
378 994 500 1070 caesis,
518 988 663 1081 quorum
680 1015 742 1080 per
758 994 837 1060 litus
853 1017 994 1063 acervos

90 1110 124 1163 et
139 1099 217 1175 seci,
236 1111 270 1164 ct
285 1100 398 1176 video,
416 1101 523 1164 valuit
539 1121 616 1165 mea
633 1101 752 1165 dextra
769 1103 950 1189 valetque.’

136 1205 241 1282 Dixit,
261 1205 305 1282 et,
326 1218 403 1271 ante
420 1207 504 1272 actis
521 1206 623 1272 veluti
641 1208 731 1272 male
749 1209 914 1286 crederet,
933 1211 1067 1276 hastam
1090 1242 1117 1282 11
1123 1241 1138 1296 ς

90 1311 181 1377 misit
197 1313 231 1376 in
249 1314 430 1378 adversum
447 1313 559 1401 Lycia
576 1313 619 1378 de
636 1314 736 1399 plebe
753 1313 952 1393 Menoeten,

89 1419 300 1506 loricamque
317 1420 417 1485 simul
435 1421 655 1508 subjectaque
672 1433 811 1506 pectora
828 1423 931 1509 rupit.

74 1532 158 1612 'quo
174 1527 372 1614 plangente
378 1549 519 1615 gravem
539 1527 741 1592 moribundo
759 1529 883 1594 vertice
900 1541 1039 1607 terram,
1140 1552 1142 1555 ·

89 1633 238 1698 extrahit
253 1633 338 1698 illud
354 1633 445 1698 idem
463 1634 575 1699 calido
593 1634 635 1699 de
651 1635 793 1699 vulnere
810 1635 927 1713 telum,

90 1751 192 1826 atque
209 1739 276 1804 ait:
296 1751 304 1781 ⁶
322 1740 422 1805 Haec
437 1762 560 1805 manus
577 1750 639 1818 est,
658 1741 757 1818 haec,
776 1761 844 1827 qua
862 1743 963 1808 modo
979 1742 1137 1820 vicimuS,

226 1848 345 1922 hasta3
1091 1881 1141 1919 120

88 1965 167 2020 utar
182 1954 218 2019 in
234 1956 301 2020 hoc
317 1954 447 2020 isdem:
472 1955 515 2021 sit
530 1955 566 2020 in
587 1957 653 2021 hoc
669 1977 791 2042 precor
807 1955 918 2022 exitus
934 1954 1051 2020 idem!

89 2063 140 2128 sic
156 2063 258 2138 fatur,
277 2063 510 2150 Cygnumque
527 2063 629 2148 petit3
654 2085 719 2129 nec
736 2063 890 2128 fraxinus
907 2073 1010 2138 errat,

89 2169 194 2258 inque
211 2171 353 2235 humero
371 2171 482 2236 sonuit
498 2192 567 2235 non
584 2170 708 2234 evitata
725 2169 883 2235 sinistro:

10 2328 20 2343 .
89 2277 170 2342 inde
186 2279 282 2342 velut
297 2299 395 2341 muro
412 2276 588 2362 solidaque
606 2298 626 2339 a
643 2288 742 2340 caute
758 2276 896 2361 repulsa
914 2285 975 2340 est.

90 2407 159 2472 qua
175 2395 290 2450 tamen
306 2383 392 2448 ictus
409 2394 494 2459 erat,
514 2383 687 2470 signatum
705 2381 874 2468 sanguine
890 2379 1055 2468 Cygnum
1092 2408 1138 2466 1²5

89 2494 234 2567 viderat,
254 2502 287 2556 et
302 2492 425 2555 frustra
442 2492 552 2555 fuerat
568 2488 709 2576 gavisus
725 2486 893 2552 Achilles.

89 2601 215 2664 vulnus
232 2609 305 2663 erat
320 2599 474 2662 nullum:
500 2596 642 2683 sanguis
660 2604 732 2660 erat
747 2595 806 2659 ille
823 2593 1021 2659 Menoetae.
1069 2629 1070 2632 ¹

135 2706 229 2770 Tum
245 2728 327 2769 vero
342 2725 510 2789 praeceps
527 2724 628 2767 curru
644 2701 889 2766 fremebundus
906 2701 949 2767 ab
967 2702 1035 2766 alto

92 2814 215 2890 desilit,
233 2825 266 2878 et
282 2813 388 2877 nitido
406 2833 564 2876 securum
582 2809 737 2874 cominus
756 2808 889 2873 hostem

91 2944 173 2988 ense
190 2932 323 3007 petens,
341 2941 496 3005 parmam
514 2917 630 3004 gladio
648 2916 854 3004 galeamque
871 2913 987 2980 cavari
1093 2946 1142 2999 130

91 3029 211 3104 cernit,
230 3039 265 3093 at
280 3028 314 3092 in
331 3029 416 3092 duro
433 3026 523 3091 laedi
540 3045 675 3111 quoque
693 3043 835 3105 corpore
851 3021 992 3085 ferrum.

92 3137 185 3201 haud
201 3135 276 3200 tulit
292 3135 445 3209 ulterius,
464 3133 643 3217 clipeoque
662 3129 807 3192 adversa
824 3137 950 3191 retecto

90 3255 142 3308 ter
157 3253 278 3331 quater
293 3264 353 3308 ora
369 3241 431 3304 viri
449 3251 481 3304 et
498 3239 621 3324 capulo
639 3259 724 3303 cava
741 3246 895 3320 tempora
911 3233 1025 3320 pulsat
1035 3257 1044 3308 3

92 3351 295 3436 cedentique
311 3370 457 3434 sequens
474 3347 588 3422 instat,
606 3345 801 3430 turbatque,
821 3341 968 3428 ruitque,

92 3460 300 3545 attonitoque
317 3467 421 3543 negat
437 3454 603 3541 requiem.
652 3452 764 3518 Pavor
780 3461 927 3536 occupat
943 3448 1060 3512 illum:
1094 3479 1141 3533 135

93 3578 171 3633 ante
188 3566 373 3649 oculosque
391 3571 508 3625 natant
524 3561 698 3635 tenebrae,
717 3570 873 3644 retroque
890 3557 1012 3622 ferenti

93 3695 233 3739 aversos
249 3693 371 3757 passus
388 3669 500 3733 medio
517 3667 605 3752 lapis
621 3665 746 3731 obstitit
763 3687 858 3731 arvo.

92 3800 196 3868 quem
214 3800 316 3863 super
332 3776 516 3862 impulsum
533 3772 695 3857 resupino
712 3782 847 3856 pectore
864 3771 1030 3860 Cygnum

92 3887 128 3953 vi
145 3886 252 3950 multa
266 3883 377 3960 vertit,
394 3893 572 3967 terraeque
589 3877 720 3943 adflixit
735 3877 903 3943 Achilles.
