2476 4148
90 193 148 247 VI.
162 191 237 264 231.]
419 173 490 240 Tae
518 173 632 260 Grz'ef
645 174 693 259 os
705 171 832 240 Niobe.

137 370 298 457 Adspicit
313 369 507 457 Alphenor,
524 370 720 456 laniataque
737 379 875 455 pectora
891 369 1062 458 plangens

94 479 246 555 advolat,
263 489 300 543 ut
316 479 449 566 gelidos
466 478 703 562 complexibus
720 477 843 540 allevet
861 487 973 551 artus3

92 583 197 670 inque
214 584 272 669 pio
288 585 378 649 cadit
393 583 519 660 offici0,
537 604 618 647 nam
634 581 756 647 Delius
773 582 822 646 illi
1007 567 1010 573 ’
1092 612 1144 669 250

93 689 215 754 intima
231 688 363 754 fatifero
380 689 469 774 rupit
485 689 686 774 praecordia
703 687 802 752 serro.
863 701 865 703 ’
1127 693 1131 700 “

93 796 187 882 quod
204 795 303 860 simul
320 796 494 870 eductum,
512 815 592 879 pars
609 804 659 858 est
675 793 846 878 pulmonis
862 793 897 858 in
915 794 1026 860 hamis

93 911 203 977 eruta,
223 921 369 987 cumque
386 900 502 964 anima
520 920 619 964 cruor
635 909 687 964 est
703 899 831 964 effusus
846 900 882 964 in
900 921 1013 964 auras.

139 1004 272 1071 Arnon
288 1006 460 1071 intonsum
477 1005 623 1090 simplex
640 1003 935 1070 Damasichthona
952 1007 1076 1071 vulnus

95 1112 223 1178 adficit.
272 1111 363 1178 Ictus
380 1122 465 1188 erat,
484 1132 552 1198 qua
569 1132 647 1176 crus
663 1131 738 1176 esse
754 1111 884 1197 incipit,
903 1123 936 1176 et
952 1133 1020 1198 qua
1092 1141 1143 1199 255

95 1219 212 1285 mollia
228 1239 393 1308 nervosus
409 1218 490 1283 facit
506 1217 695 1282 internodia
711 1219 846 1302 poples.

95 1326 245 1412 dumque
263 1347 366 1391 manu
383 1335 524 1412 temptat
539 1324 674 1388 trahere
691 1325 863 1389 exitiabile
880 1324 998 1401 telum,

95 1433 202 1498 altera
218 1454 280 1517 per
292 1432 453 1520 jugulum
469 1431 591 1516 pennis
607 1441 705 1495 tenus
722 1440 798 1495 acta
814 1431 939 1518 sagitta
956 1442 1017 1496 est.

95 1539 226 1623 expulit
242 1541 333 1604 hanc
349 1538 504 1626 sanguis,
523 1556 628 1624 seque
644 1536 832 1624 ejaculatus
850 1537 885 1600 in
902 1538 1009 1601 altum

94 1645 232 1721 emicat,
250 1656 284 1711 et
299 1646 403 1732 longe
419 1645 588 1709 terebrata
605 1642 736 1728 prosilit
752 1664 847 1707 aura.
1093 1657 1146 1714 260

140 1751 290 1817 Ultimus
308 1751 457 1817 Ilioneus
474 1773 542 1817 non
560 1749 753 1835 profectura
770 1749 943 1834 precando

93 1859 259 1923 bracchia
275 1859 470 1933 sustulerat,
487 1857 543 1922 Di
556 1878 622 1944 que
645 1856 915 1922 Ocammum'ter
931 1877 1057 1932 omnm,

95 1965 242 2038 dixerat,
259 1964 403 2051 ignarus
419 1986 487 2029 non
505 1984 624 2029 omnes
642 1984 718 2028 esse
735 1952 923 2051 rogandos,

88 2071 253 2158 parcite!
276 2071 394 2136 Motus
411 2082 495 2147 erat,
515 2093 592 2135 cum
606 2071 676 2159 jam
695 2071 888 2135 revocabile
904 2071 1009 2135 telum

94 2198 163 2242 non
180 2177 256 2252 suit,
273 2175 499 2252 Arcitenens3
525 2178 667 2242 minimo
683 2187 798 2241 tamen
816 2177 939 2242 occidit
955 2177 1014 2241 ille
1094 2193 1144 2262 265

93 2284 248 2360 vulnere,
267 2306 336 2349 non
353 2285 419 2349 alte
436 2305 599 2369 percusso
616 2285 718 2349 corde
735 2283 871 2370 sagitta.

138 2391 250 2455 Fama
267 2391 348 2455 mali
364 2391 550 2477 populique
567 2391 663 2455 dolor
680 2389 911 2475 lacrimaeque
928 2411 1067 2455 suorum

92 2508 163 2562 tam
180 2497 311 2562 subitae
328 2508 471 2562 matrem
488 2508 616 2562 certam
634 2495 745 2561 secere
761 2495 882 2560 ruinae

93 2605 274 2669 mirantem
291 2605 454 2689 potuisse,
471 2604 756 2690 irascentemque,
776 2603 867 2689 quod
885 2601 958 2668 ausi

93 2711 161 2776 hoc
176 2721 289 2776 essent
305 2710 433 2796 superi,
450 2712 543 2797 quod
559 2721 690 2775 tantum
704 2710 790 2799 juris
807 2711 985 2775 haberent.
1093 2740 1145 2793 270

91 2839 174 2882 narn
191 2829 288 2903 pater
303 2816 494 2902 Amphion,
512 2817 601 2882 ferro
619 2839 680 2902 per
696 2829 814 2903 pectus
831 2818 967 2894 adact0,

90 2924 227 2988 finierat
243 2923 391 2988 moriens
408 2923 534 3008 pariter
550 2945 628 2988 cum
645 2923 721 2988 luce
739 2924 905 2989 dolorem.
1008 2974 1009 2978 ,

139 3028 218 3094 Heu
236 3041 400 3117 quantum
418 3031 505 3095 haec
521 3028 633 3094 Niobe
650 3028 763 3094 Niobe
780 3031 926 3094 distabat
943 3029 986 3093 ab
1002 3028 1075 3106 illa,

90 3157 181 3223 quae
198 3136 298 3201 modo
314 3136 433 3201 Latois
449 3136 614 3222 populum
632 3147 862 3200 summoverat
879 3136 960 3212 ariS,
1040 3212 1055 3239 ·

46 3287 50 3292 -
90 3253 126 3307 et
142 3242 290 3307 mediam
307 3244 428 3307 tulerat
445 3265 584 3329 gressus
601 3241 761 3327 resupina
778 3264 839 3326 per
856 3243 988 3319 urbem,
1091 3273 1142 3330 275

89 3348 260 3413 invidiosa
277 3348 346 3414 suis
361 3348 368 3413 l
394 3361 428 3414 at
443 3371 536 3414 nunc
552 3349 747 3414 miseranda
763 3348 817 3413 vel
836 3349 935 3413 hosti.

90 3456 290 3540 corporibus
306 3456 429 3543 gelidis
446 3457 623 3532 incumbit,
643 3468 676 3521 et
691 3455 811 3521 ordine
828 3455 920 3522 nullo

89 3562 210 3628 oscula
226 3562 400 3648 dispensat
416 3575 513 3628 natos
530 3583 689 3648 suprema
706 3584 767 3647 per
783 3583 914 3628 omnes.

91 3691 113 3733 a
130 3669 253 3761 quibus
271 3671 314 3735 ad
332 3670 463 3734 caelum
483 3670 620 3733 liventia
637 3668 799 3732 bracchia
816 3669 951 3746 tollenS,

92 3774 279 3854 ‘Pascere‚
297 3777 457 3851 crudelis,
477 3788 603 3850 nostro,
622 3775 770 3850 Latona,
790 3775 927 3840 dolore:
1091 3795 1143 3848 230

72 3882 254 3971 ‚pascere'
270 3883 328 3960 ait,
348 3883 523 3971 ‘satiaque
540 3904 617 3948 meo
632 3893 690 3947 tua
707 3893 845 3968 pectora
862 3882 975 3947 luctu:
