2476 4148
93 140 152 195 111.
166 137 225 210 88.]
385 119 497 210 Figbt
520 122 604 191 wr'th
627 122 684 189 the
706 121 873 210 Dragon.
1103 135 1146 207 35

90 328 131 384 ut
146 338 268 384 nemus
284 316 433 396 intravit,
451 319 623 406 letataque
638 340 783 405 corpora
799 319 896 395 vidit,
1113 346 1147 404 53

91 424 325 510 victoremque
342 446 446 510 supra
462 425 602 511 spatiosi
619 425 771 511 corporis
789 427 921 490 hostem

91 531 201 597 tristia
217 531 409 619 sanguinea
426 531 634 597 lambentem
649 533 794 597 vulnera
809 529 943 619 lingua,

95 636 190 709 ‘Aut
205 638 292 704 ultor
308 648 456 711 vestrae,
473 637 640 703 fidissima
657 658 813 724 corpora,
832 638 964 712 mortis,

94 755 154 809 aut
168 743 303 810 comes’
320 743 431 830 inquit
448 743 554 809 ‘·ero.’
588 742 698 822 Dixit,
714 744 904 829 dextraque
921 742 1089 808 molarem

93 851 241 928 sustulit,
259 860 293 916 et
308 870 474 939 magnum
491 834 620 936 magno
637 848 818 915 conamine
835 848 936 914 misit.
1109 864 1147 919 60

93 955 185 1022 illius
201 956 351 1043 impulsu
368 978 447 1022 cum
462 956 611 1022 turribus
629 955 737 1020 ardua
753 954 854 1020 celsis

94 1063 232 1129 moenia
248 1074 339 1129 mota
355 1063 485 1129 sorent:
511 1082 652 1148 serpens
670 1061 743 1127 sine
758 1062 901 1127 vulnere
918 1060 1054 1141 mansit,

93 1168 289 1256 loricaeque
305 1170 408 1236 modo
423 1168 576 1256 squamis
592 1169 767 1244 defensus,
785 1177 819 1233 et
834 1178 930 1234 atrae

95 1275 219 1342 duritia
235 1276 349 1362 pellis,
367 1276 499 1341 validos
517 1285 593 1341 cute
609 1275 758 1360 reppulit
772 1274 873 1340 ictus.

110 1419 115 1431 ·
139 1379 187 1447 At
202 1404 271 1448 non
288 1382 411 1447 duritia
422 1382 577 1470 jaculum
593 1403 729 1468 quoque
745 1380 827 1446 vicit
843 1382 979 1458 eadem,

94 1489 185 1575 quod
202 1489 315 1555 medio
324 1476 443 1555 ¹lentae
460 1489 580 1576 spinae
596 1486 796 1553 curvamine
812 1488 922 1552 fixum

94 1594 254 1672 constitit,
272 1606 305 1661 et
319 1606 426 1661 totum
443 1594 620 1661 descendit
635 1594 670 1660 in
686 1594 745 1659 ilia
761 1592 903 1659 serrum.

94 1699 164 1778 ille,
183 1701 300 1768 dolore
316 1700 426 1778 ferox,
445 1712 548 1786 caput
563 1701 599 1766 in
616 1721 679 1766 sua
694 1712 793 1788 terga
809 1698 954 1775 retorsit,
1034 1697 1041 1706 '

92 1807 304 1894 vulneraque
321 1808 466 1894 aspexit,
485 1808 660 1895 fixumque
677 1807 799 1889 hastile
816 1805 1014 1885 momordit,

92 1912 195 2000 idque
211 1914 269 1980 ubi
284 1913 319 1980 vi
336 1915 441 1979 multa
457 1925 590 2000 partem
605 1914 764 1980 labefecit
779 1914 814 1978 in
830 1935 984 1989 omnem,

91 2020 152 2085 vix
167 2030 265 2108 tergo
280 2019 423 2105 eripuit3
448 2021 576 2086 serrum
592 2031 706 2085 tamen
722 2019 855 2088 ossibus
873 2018 995 2086 haesit.

92 2135 164 2190 tum
180 2148 262 2192 vero
278 2137 458 2213 postquam
474 2127 591 2193 solitas
608 2125 753 2192 accessit
769 2127 813 2192 ad
830 2126 899 2192 iras

92 2253 198 2298 causa
214 2254 347 2309 recens,
365 2233 476 2318 plenis
491 2243 687 2298 tumuerunt
704 2244 841 2320 guttura
856 2233 968 2310 venis,

92 2360 283 2426 spumaque
300 2338 476 2424 pestiferos
493 2338 696 2404 circumfluit
712 2338 827 2404 albida
843 2339 961 2416 rictus,

92 2455 250 2530 terraque
266 2465 344 2510 rasa
361 2455 459 2511 sonat
475 2444 641 2532 squamis,
659 2444 785 2531 quique
802 2445 929 2511 halitus
945 2445 1017 2512 exit

92 2572 152 2619 ore
167 2550 266 2639 niger
282 2549 418 2638 Stygio,
436 2550 571 2617 vitiatas
586 2551 693 2616 inficit
709 2571 823 2617 auras.

92 2656 166 2744 ipse
184 2658 284 2723 modo
301 2657 506 2722 immensum
523 2657 622 2742 spiris
639 2658 841 2725 facientibus
857 2659 977 2726 orbem

92 2763 253 2850 cingitur,
271 2763 440 2828 interdum
457 2762 561 2850 longa
578 2764 673 2829 trabe
689 2764 812 2830 rectior
828 2776 959 2842 exstat3

91 2869 219 2953 impete
234 2889 326 2933 nunc
342 2878 437 2935 vasto
453 2890 517 2934 ceu
533 2870 686 2936 concitus
702 2871 868 2937 imbribus
884 2871 996 2937 amnis

92 2975 210 3050 fertur,
228 2984 262 3039 et
275 2958 448 3040 obstantes
465 2977 640 3060 proturbat
656 2989 793 3062 pectore
810 2979 925 3044 silvas.

137 3079 238 3146 Cedit
252 3079 471 3168 Agenorides
487 3083 642 3167 paulum,
660 3084 837 3170 spolioque
854 3083 962 3149 leonis

91 3187 234 3280 sustinet
249 3186 418 3262 incursus,
436 3187 664 3275 instantiaque
680 3210 740 3256 ora
758 3191 906 3255 retardat

92 3292 232 3378 cuspide
248 3303 445 3377 praetenta:
470 3292 549 3360 furit
564 3296 636 3371 ille,
654 3306 687 3360 et
702 3295 819 3359 inania
836 3296 922 3361 duro

90 3400 233 3463 vulnera
250 3399 308 3463 dat
323 3400 427 3476 ferro,
445 3401 585 3489 figitque
601 3401 637 3466 in
654 3401 812 3467 acumine
829 3402 968 3477 dentes3

86 3506 227 3594 jamque
243 3506 442 3573 venenifero
459 3508 601 3594 sanguis
618 3526 759 3572 manare
775 3509 890 3592 palato
1104 3526 1146 3594 852

91 3602 263 3696 coeperat,
281 3624 315 3678 et
328 3613 455 3680 virides
472 3612 655 3699 aspergine
671 3612 818 3677 tinxerat
834 3613 979 3678 herbas:

89 3719 151 3784 sed
166 3718 243 3784 leve
258 3719 383 3784 vulnus
399 3729 483 3794 erat,
498 3718 578 3804 quia
595 3739 632 3782 se
648 3719 843 3783 retrahebat
859 3719 901 3783 ab
917 3719 999 3794 ictu,

89 3826 251 3913 laesaque
267 3826 357 3892 colla
373 3825 477 3892 dabat
493 3835 595 3901 retro,
612 3824 822 3912 plagamque
838 3826 959 3904 sedere
