2476 4148
102 134 166 202 126
323 136 477 223 Rz'valry
500 137 547 221 of
560 135 659 223 Ajizx
682 137 756 201 and
783 133 932 222 Ulysses.
1002 151 1150 223 [Marau.

99 333 175 420 quis
192 331 275 398 fuit?
300 345 350 399 est
367 333 496 399 Hector
512 333 658 397 violatus
674 334 816 397 vulnere
833 333 940 397 nullo.

147 451 155 480 ‘
172 440 232 506 Me
249 440 412 505 miserum
427 439 434 503 l
460 453 586 525 quanto
604 460 710 526 cogor
727 438 923 503 meminisse
940 438 1058 502 dolore
1100 455 1153 508 280

100 548 262 632 temporis
279 547 383 621 illius,
401 569 469 632 quo
486 546 631 610 Graium
649 567 779 619 murus,
798 543 954 608 Achilles

100 652 301 739 procubuitl
328 674 392 718 nec
409 676 463 717 me
481 654 643 717 lacrimae
661 653 814 716 luctusve
831 651 975 716 timorve

67 800 69 805 .
100 747 289 835 tardarunt,
307 760 390 846 quin
408 781 531 843 corpus
548 761 652 823 humo
669 758 815 822 sublime
831 758 1014 822 referrem,

102 867 154 932 his
171 868 336 942 humeris,
351 867 417 941 his,
432 867 584 952 inquam,
601 865 751 929 humeris
764 887 831 952 ego
847 885 970 949 corpus
986 862 1151 939 Achillis,

101 985 134 1039 et
150 973 251 1039 simul
269 996 365 1038 arma
382 973 455 1048 tuli,
475 994 563 1059 quae
580 993 672 1036 nunc
688 993 824 1058 quoque
841 972 929 1035 ferre
946 971 1078 1036 laboro.
1100 987 1151 1056 285

147 1080 259 1146 ‘Sunt
276 1081 372 1155 mihi,
390 1101 479 1166 quae
496 1080 633 1143 valeant
649 1078 683 1141 in
701 1078 781 1140 talia
798 1077 964 1162 pondera,
983 1077 1094 1150 vires;

101 1197 152 1251 est
169 1188 301 1250 animus
319 1200 410 1251 certe
426 1198 556 1250 vestros
573 1206 734 1249 sensurus
751 1184 910 1248 honores.

102 1292 230 1357 scilicet
246 1292 373 1357 idcirco
390 1314 451 1376 pro
468 1303 572 1378 gnato
590 1291 728 1355 caerula
746 1302 855 1355 mater

102 1399 281 1464 ambitiosa
298 1421 360 1464 suo
377 1398 450 1473 fuit,
471 1409 506 1462 ut
522 1397 683 1463 caelestia
700 1397 804 1472 dona,

102 1507 182 1569 artis
199 1528 285 1590 opus
301 1517 428 1580 tantae,
448 1505 540 1569 rudis
558 1515 591 1568 et
607 1504 680 1568 sine
696 1515 833 1589 pectore
850 1504 948 1568 miles
1101 1535 1156 1591 290

101 1611 278 1676 indueret?
304 1612 523 1697 nequeenim
542 1610 643 1696 clipei
660 1611 851 1674 caelamina
869 1611 968 1686 norit,

102 1717 281 1782 Oceanum
299 1729 332 1783 et
348 1730 468 1792 terras,
487 1738 634 1802 cumque
652 1717 719 1780 alto
737 1716 848 1780 sidera
867 1718 976 1792 cae10‚

101 1822 342 1909 Pleiadasque,
385 1824 611 1910 Hyadasque,
652 1822 908 1909 immunemque
948 1822 1108 1909 aequoris

236 1928 381 2004 Arcton,

103 2037 322 2122 diversasque
340 2038 455 2112 urbeS,
474 2037 686 2123 nitidumque
704 2036 840 2102 Orionis
857 2057 987 2101 ensem.

102 2143 250 2228 postulat
265 2153 302 2206 ut
318 2143 431 2227 capiat
446 2164 534 2229 quae
551 2165 620 2207 non
637 2143 804 2230 intellegit
819 2164 928 2207 arma.
1102 2173 1153 2230 295

149 2259 158 2288 ⁴
175 2247 270 2335 Quid
287 2251 377 2335 quod
395 2271 461 2324 me,
481 2249 556 2314 duri
573 2249 760 2336 fugientem
777 2270 920 2313 munera
935 2247 1030 2324 belli,

104 2355 218 2442 arguit
233 2355 392 2439 incoepto
409 2378 521 2419 serum
541 2356 727 2419 accessisse
744 2356 865 2432 labori,

104 2483 168 2526 nec
185 2482 221 2526 se
239 2462 462 2549 magnanimo
480 2462 687 2526 maledicere
704 2462 805 2526 sentit
819 2459 973 2526 Achilli?

104 2568 132 2632 si
149 2567 328 2632 simulasse
345 2589 449 2632 vocas
466 2569 607 2641 crimen,
628 2557 864 2632 simulavimus
881 2569 1004 2642 amb03

104 2671 132 2736 si
151 2692 245 2734 mora
263 2693 324 2755 pro
341 2672 443 2756 culpa
460 2683 524 2746 est,
542 2692 608 2758 ego
626 2694 702 2736 sum
720 2671 883 2736 maturior
899 2672 969 2736 illo.
1102 2702 1155 2756 300

104 2798 159 2841 me
176 2776 233 2861 pia
249 2776 392 2841 detinuit
408 2779 571 2864 conjunx,
591 2778 647 2862 pia
665 2791 773 2842 mater
788 2776 960 2843 Achillem
975 2798 984 2851 3

104 2882 283 2968 primaque
301 2895 378 2946 sunt
393 2883 460 2948 illis
478 2885 556 2947 data
573 2896 739 2968 tempora,
758 2896 871 2948 cetera
888 2883 998 2949 vobis.

105 2988 199 3053 haud
215 2988 331 3062 time0,
349 2988 377 3053 si
390 2988 463 3075 jam
481 3011 614 3075 nequeo
629 2991 814 3055 defendere
831 2993 962 3054 crimen

15 3140 19 3146 -
105 3115 183 3158 cum
200 3105 292 3159 tanto
310 3117 491 3159 commune
507 3097 593 3159 viro.
643 3095 842 3180 Deprensus
859 3096 973 3161 Ulixis

105 3200 245 3287 ingenio
261 3212 376 3265 tamen
393 3201 463 3276 ille,
483 3212 517 3265 at
534 3223 600 3265 non
618 3201 736 3288 Ajacis
753 3203 888 3266 Ulixes.
1102 3232 1153 3289 305

152 3317 161 3346 ‘
177 3306 276 3382 Neve
292 3307 327 3371 in
345 3329 399 3371 me
415 3308 557 3372 stolidae
575 3307 728 3372 convicia
745 3308 888 3373 fundere
904 3307 1045 3394 linguae

107 3413 315 3476 admiremur
331 3434 422 3488 eum,
441 3413 538 3477 vobis
555 3434 690 3500 quoque
707 3414 814 3498 digna
831 3414 961 3498 pudore

106 3517 220 3582 obicit.
269 3518 327 3581 An
344 3519 429 3583 falso
446 3518 656 3583 Palameden
672 3519 814 3583 crimine
830 3531 928 3603 turpe

107 3642 287 3686 accusasse
305 3622 400 3698 mihi,
419 3622 515 3686 vobis
532 3623 716 3697 damnasse
732 3623 892 3686 decorum
911 3621 984 3687 est?

106 3728 167 3793 sed
183 3749 294 3816 neque
310 3728 525 3814 Naupliades
542 3728 675 3792 facinus
691 3729 875 3793 defendere
892 3740 1023 3793 tantum
1102 3762 1155 3816 310

104 3843 243 3922 tamque
259 3847 380 3921 patens
396 3835 515 3918 valuit,
531 3855 596 3900 nec
611 3856 672 3900 vos
689 3835 830 3900 audistis
846 3835 882 3900 in
899 3835 957 3900 illo
