2476 4148
117 143 162 229 58
418 143 489 210 Tae
518 144 602 211 Tale
626 146 674 231 af
685 143 876 212 Arethusa.
1026 160 1170 232 [Mum

118 339 204 405 sicut
221 361 328 415 eram,
347 340 443 427 fugio
460 340 532 406 sine
547 340 719 406 vestibus:
745 336 850 406 altera
866 350 979 406 vestes

117 445 192 530 ripa
209 467 304 509 meas
321 447 459 509 habuit:
484 456 577 511 tanto
595 447 706 533 magis
723 447 837 520 instat,
856 457 889 510 et
906 447 1014 514 ardet.

117 552 167 616 sic
183 572 250 638 ego
266 552 458 627 currebam,
477 552 527 616 sic
545 573 598 616 me
614 552 707 616 serus
723 552 781 615 ille
797 554 988 636 premebat,

115 666 152 721 ut
169 657 288 744 fugere
305 657 503 741 accipitrem
520 677 634 741 penna
651 657 843 741 trepidante
862 659 1056 741 columbae,
1115 680 1168 752 605

115 773 151 827 ut
168 765 253 828 solet
269 763 430 847 accipiter
446 763 596 847 trepidas
612 784 761 850 urguere
779 765 968 832 columbas.

114 890 223 954 usque
241 869 305 933 sub
322 868 578 945 Orchomenon,
598 868 857 957 Psophidaque,
876 871 1132 962 Cyllenenque,

115 973 376 1061 Maenaliosque
393 975 501 1050 sinus,
521 975 743 1062 gelidumque
760 976 1011 1064 Erymanthon,
1031 992 1065 1046 et
1085 983 1166 1048 Elin

114 1101 251 1147 currere
269 1081 432 1154 sustinui;
458 1101 523 1145 nec
539 1101 595 1144 me
612 1082 762 1147 velocior
778 1085 847 1148 ille.
879 1136 883 1145 .

162 1187 257 1253 ‘Sed
273 1189 418 1252 tolerare
435 1188 493 1253 diu
511 1209 631 1253 cursus
648 1211 727 1277 ega,
746 1191 874 1256 viribus
890 1192 1013 1277 impar,
1114 1212 1168 1266 610

113 1317 182 1359 non
200 1307 375 1379 poteram:
400 1295 494 1382 longi
512 1296 645 1380 patiens
663 1309 735 1361 erat
750 1298 808 1362 ille
824 1298 960 1364 laboris.
996 1379 1002 1389 ἱ

112 1395 175 1486 per
190 1413 306 1466 tamen
322 1412 355 1466 et
371 1422 525 1486 campo&
544 1425 605 1487 per
621 1415 756 1488 opertos
774 1405 894 1470 arbore
912 1417 1057 1483 monteS,

113 1529 199 1572 saxa
216 1528 351 1595 quoque
369 1519 401 1573 et
417 1531 520 1594 rupes
538 1521 654 1596 etqua
670 1510 725 1574 via
743 1511 851 1586 nulla,
870 1512 1016 1576 cucurri.

113 1617 163 1680 sol
181 1627 252 1680 erat
269 1636 289 1679 a
305 1627 424 1703 tergo:
448 1616 518 1681 vidi
536 1618 742 1702 praecedere
760 1617 899 1704 longam

112 1733 191 1788 ante
209 1725 314 1808 pedes
331 1725 490 1787 umbram
501 1761 545 1771 —
556 1723 620 1787 nisi
638 1723 666 1789 si
682 1724 782 1788 timor
798 1725 856 1788 illa
873 1724 1067 1791 videbat-
1111 1743 1164 1814 ως

112 1830 173 1894 sed
192 1842 283 1893 certe
300 1830 498 1916 sonitusque
516 1831 642 1915 pedum
659 1831 818 1906 terrebat,
837 1840 870 1897 et
885 1830 1009 1918 ingens

111 1937 259 2002 crinales
275 1937 374 2001 vittas
393 1937 542 2001 adflabat
558 1938 727 2002 anhelitus
744 1936 823 2002 oris.

110 2043 201 2109 sessa
219 2043 336 2109 labore
354 2043 471 2130 fugae,
489 2042 565 2107 Fer
581 2050 690 2130 opem,
709 2044 972 2129 deprendatur,
991 2044 1148 2131 inquam,

109 2154 321 2238 armigerae,
340 2151 534 2237 Dictynna,
553 2158 646 2224 tuae,
665 2152 725 2214 cai
736 2157 839 2235 saepe
854 2150 983 2214 dedr‘sti

96 2259 207 2342 serre
223 2268 298 2323 tuos
313 2279 416 2322 areas
433 2258 633 2342 reclusaque
648 2257 717 2320 tela
727 2257 916 2342 pharetra.
1110 2275 1165 2330 620

155 2365 276 2431 ‘Mota
293 2366 358 2430 dea
375 2376 437 2440 est,
456 2365 641 2450 spissisque
658 2364 771 2427 serens
787 2383 806 2427 e
823 2363 970 2428 nubibus
987 2383 1094 2428 unam

108 2494 163 2538 me
181 2494 284 2558 super
299 2472 430 2559 injecit,
476 2470 616 2535 Lustrat
633 2469 782 2556 caligine
798 2479 922 2533 tectam

108 2579 232 2655 amniS,
251 2590 284 2642 et
299 2578 442 2665 ignarus
459 2577 588 2642 circum
606 2597 692 2640 cava
709 2576 827 2639 nubila
842 2576 994 2661 quaerit3

107 2684 228 2770 bisque
244 2684 372 2759 locum,
392 2706 460 2770 quo
476 2704 532 2747 me
549 2684 614 2748 dea
630 2692 774 2758 texerat,
792 2681 920 2746 inscius
937 2683 1056 2759 ambit,

107 2801 141 2855 et
155 2792 208 2856 bis
224 2791 266 2856 Ia
282 2790 484 2857 Arethusa!
505 2791 548 2855 Io
564 2788 766 2855 Arethusa!
787 2788 935 2853 vocavit.
1107 2807 1161 2877 ⁶²5

106 2899 188 2985 quid
206 2898 288 2962 mihi
312 2908 394 2962 tunc
419 2897 524 2961 animi
547 2896 694 2960 miserae
718 2892 801 2959 fuit?
826 2916 915 2959 anne
931 2896 1023 2982 quod
1044 2916 1161 2984 agnae

241 3015 303 3081 est,

106 3112 204 3200 siqua
219 3114 319 3198 lupos
336 3110 430 3177 audit
445 3110 574 3176 circum
591 3110 725 3174 stabula
741 3109 809 3174 alta
826 3107 1031 3174 frementes?

106 3232 164 3285 aut
180 3219 300 3305 lepori,
320 3218 378 3305 qui
394 3238 498 3303 vepre
515 3218 625 3282 latens
642 3216 777 3281 hostilia
793 3214 902 3280 cernit

104 3347 166 3392 ora
184 3347 322 3399 canum,
342 3324 522 3409 nullosque
538 3323 642 3386 audet
656 3322 739 3386 dare
756 3342 899 3406 corpore
915 3319 1051 3386 motus?

151 3430 255 3496 ‘Non
272 3441 386 3494 tamen
405 3430 576 3502 abscedit3
603 3450 713 3514 neque
731 3428 822 3491 enim
838 3428 984 3514 vestigia
1002 3428 1113 3494 cernit

103 3538 242 3624 longius
258 3536 328 3600 ulla
346 3537 493 3620 pedum:
519 3546 631 3599 servat
646 3530 841 3621 nubemque
857 3535 1053 3622 locumque.

103 3654 250 3728 occupat
266 3643 423 3707 obsessos
440 3641 542 3705 sudor
559 3641 642 3704 mihi
658 3641 803 3727 frigidus
821 3653 925 3717 artus,

104 3749 352 3835 caeruleaeque
369 3747 496 3812 cadunt
511 3757 579 3810 toto
596 3747 639 3810 de
656 3768 798 3831 corpore
815 3758 942 3835 guttae.

103 3877 239 3944 quaque
256 3854 379 3941 pedem
397 3852 500 3929 movi,
520 3863 637 3917 manat
652 3853 761 3929 lacus,
780 3875 867 3940 eque
882 3855 1017 3940 capillis
