2476 4148
83 168 260 242 X111.398.]
311 150 411 240 Astra
432 151 525 240 slays
546 153 695 240 hrinself
708 157 745 220 in
777 154 911 234 'WratIa
1067 171 1132 242 129

83 358 154 412 este
172 348 238 412 mei
256 347 445 414 memoresi
472 360 530 414 aut
546 350 574 415 si
591 351 674 415 mihi
690 373 759 417 non
776 351 863 415 datis
880 371 990 434 arma,
1023 348 1026 352 ⁴
1079 367 1132 434 380

83 454 165 518 huic
181 455 259 517 date
273 453 281 518 t
293 455 301 482 ’
311 493 356 504 -
367 467 400 521 et
415 457 562 524 ostendit
578 457 714 543 signum
732 457 835 525 fatale
853 456 1046 528 Minervae.

128 560 226 625 Mota
244 583 365 626 manus
383 583 563 647 procerum
580 577 643 639 est,
662 575 695 627 et
710 564 792 650 quid
809 563 970 626 facundia
986 571 1114 647 posset,

82 689 119 732 re
136 668 264 753 patuit3
289 667 455 754 fortisque
467 668 530 732 viri
547 669 622 733 tulit
638 690 733 733 arma
751 669 905 735 disertus.

84 773 235 840 Hectora
252 773 309 860 qui
327 775 432 857 solus,
451 772 509 863 qui
526 775 667 850 serrum,
685 775 865 862 ignesque,
879 773 1071 860 Jovemque

82 879 240 948 sustinuit
255 881 390 956 totiens,
409 902 514 949 unam
531 902 600 948 non
616 881 758 949 sustinet
773 881 857 949 iram
873 903 880 947 z
1080 897 1130 966 385

82 986 314 1073 invictumque
331 987 440 1051 virum
458 987 563 1052 vincit
579 986 686 1053 dolor.
735 985 866 1072 Arripit
882 1007 1013 1061 ensem,

82 1103 117 1158 et
133 1103 142 1132 ⁴
158 1092 262 1159 Meus
275 1094 331 1158 hic
343 1105 433 1159 certe
446 1104 508 1158 est.
557 1092 615 1159 An
629 1105 662 1158 et
677 1094 770 1158 hunc
785 1092 848 1158 sibi
865 1092 974 1178 poscit
986 1089 1132 1158 Ulixes?

82 1199 171 1265 hoc’
188 1201 235 1264 ait
252 1200 440 1267 ‘utendum
459 1210 509 1265 est
524 1199 559 1264 in
577 1221 631 1265 me
648 1199 753 1275 mihi3
779 1199 904 1291 quique
921 1219 1041 1264 cruore

82 1328 186 1392 saepe
203 1306 384 1394 Phrygum
403 1306 545 1382 maduit,
564 1305 693 1372 domini
711 1326 803 1373 nunc
819 1305 925 1371 caede
943 1304 1108 1382 madebit,

81 1435 126 1486 ne
143 1414 324 1500 quisquam
340 1412 487 1502 Ajacem
504 1413 611 1499 possit
626 1434 801 1497 superare,
820 1412 885 1476 nisi
901 1410 1040 1498 Ajaxl'
1080 1441 1133 1498 390
1212 1467 1217 1477 .

82 1521 180 1596 dixit,
194 1530 233 1607 et
248 1520 284 1584 in
300 1532 419 1606 pectus
435 1531 507 1585 tum
523 1521 662 1586 demum
679 1520 821 1584 vulnera
838 1539 979 1604 passum

81 1648 150 1713 qua
166 1626 273 1712 patuit
288 1627 430 1704 serrum,
448 1628 583 1694 letalem
601 1625 752 1692 condidit
768 1647 898 1691 ensem.
976 1709 978 1713 y

82 1753 148 1804 nec
162 1734 302 1798 valuere
319 1754 442 1803 manus
455 1733 600 1799 infixum
617 1733 764 1801 educere
779 1733 906 1812 telum:

82 1839 215 1924 expulit
229 1838 304 1923 ipse
320 1860 439 1914 cruor;
465 1840 708 1926 rubefactaque
725 1839 895 1927 sanguine
911 1839 1012 1906 tellus

83 1966 293 2032 purpureum
308 1946 408 2012 viridi
426 1947 544 2034 genuit
560 1948 603 2013 de
618 1947 746 2033 cespite
761 1946 895 2024 florem,
927 1989 929 1992 >
1079 1975 1131 2035 395

83 2050 142 2138 qui
157 2052 251 2137 prius
269 2051 414 2118 Oebalio
431 2053 541 2119 suerat
557 2053 600 2120 de
615 2055 758 2118 vulnere
775 2066 882 2119 natus.

83 2158 193 2223 littera
210 2160 401 2224 communis
418 2161 538 2226 mediis
555 2181 728 2246 pueroque
744 2161 885 2248 viroque

58 2277 60 2280 ⁴
83 2264 247 2350 inscripta
263 2275 314 2331 est
329 2264 439 2333 soliis:
464 2268 552 2335 haec
568 2265 729 2344 nominis,
746 2267 806 2334 illa
822 2266 1008 2355 querellae.
1047 2337 1048 2340 ,
