2476 4148
118 143 179 210 162
492 141 641 208 Skorter
662 139 798 205 Poems.
976 153 1169 224 [Hanomus.
1196 170 1211 193 ··

489 585 538 649 ΙΙ.
587 583 794 648 Henomss.

171 778 240 830 Tuo
252 773 389 831 Heroides
403 777 435 846 (“
446 777 585 830 Heroines
595 775 624 844 '')
639 791 686 850 are
699 791 715 826 a
728 774 815 827 series
827 772 859 827 of
867 772 952 828 about
961 783 1066 846 twenty
1074 775 1169 830 letters
1228 838 1237 861 ί

118 850 273 917 addressed
291 863 361 916 from
374 865 486 917 various
506 861 635 932 mythical
654 860 709 914 and
729 860 879 932 legendary
891 863 1170 932 persons‚-chiefly

118 946 187 1001 from
201 949 293 1020 lonely
305 951 389 1004 wives
410 950 466 1002 and
486 949 617 1002 forsaken
636 947 729 1001 brides
751 957 779 1000 to
798 948 930 1003 husband
942 964 974 1003 or
986 948 1070 1002 lover.
1096 950 1169 1021 *The

119 1035 244 1102 example
256 1035 321 1089 here
334 1037 416 1106 given
429 1037 454 1089 is
469 1036 515 1088 the
529 1035 589 1087 first
602 1033 658 1086 and
670 1035 792 1104 perhaps
805 1035 870 1090 best
881 1035 914 1088 of
928 1036 975 1090 the
988 1036 1087 1090 series.

440 1229 613 1314 Penelope
636 1237 670 1292 to
702 1228 851 1315 Ulysses.

120 1374 306 1552 HANG
322 1419 380 1473 tua
396 1407 570 1493 Penelope
588 1409 678 1474 lento
694 1409 752 1474 tibi
770 1410 880 1487 mittit,
898 1410 1025 1477 Ulixe:

249 1515 309 1580 Nil
327 1515 409 1578 mihi
426 1516 607 1592 rescribas,
628 1529 661 1580 at
677 1528 791 1581 tamen
809 1517 882 1602 ipse
898 1518 987 1582 veni

118 1623 225 1710 Troja
206 1622 330 1710 ajacet
317 1633 448 1697 t‚certe
468 1622 625 1688 Danais
616 1645 726 1688 musa
743 1624 887 1708 puelhs

162 1647 234 1795 Vix
250 1730 407 1793 Priamus
424 1729 507 1793 tanti
525 1741 660 1815 totaque
676 1730 782 1818 Troja
800 1731 872 1795 suit

119 1835 152 1902 O
167 1836 298 1900 utinam
314 1847 399 1910 tum,
419 1857 497 1900 cum
515 1835 782 1901 Lacedaemona
798 1822 909 1902 classe
925 1837 1075 1923 petebat,
1155 1867 1170 1923 ς

165 1943 316 2008 Obrutus
332 1943 462 2006 insanis
480 1954 569 2006 esset
586 1944 717 2008 adulter
734 1943 852 2029 aquisl

118 2050 200 2117 Non
217 2071 284 2138 ego
301 2050 434 2115 deserto
448 2048 633 2136 jacuissem
652 2050 777 2136 frigida
794 2051 894 2126 lecto,

164 2157 244 2223 Non
261 2178 423 2243 quererer
439 2157 553 2220 tardos
570 2156 618 2219 ire
635 2156 750 2220 relicta
769 2157 882 2231 dies3·

65 2290 71 2303 ·
118 2265 197 2331 Nec
214 2264 296 2329 mihi
313 2263 489 2349 quaerenti
507 2263 691 2347 spatiosam
708 2263 826 2328 fallere
844 2275 979 2328 noctem

163 2371 345 2438 Lassasset
361 2371 483 2435 viduas
501 2370 651 2455 pendula
668 2371 734 2434 tela
753 2392 887 2435 manus.
1141 2404 1174 2444 10

120 2477 271 2564 Quando
288 2501 354 2566 ego
371 2500 439 2543 non
457 2477 552 2542 timui
571 2478 728 2564 graviora
745 2469 898 2561 pericula
914 2474 1026 2542 veris?

14 2566 18 2573 Ι
164 2586 237 2650 Res
255 2599 305 2651 est
321 2585 454 2651 solliciti
473 2585 574 2670 plena
591 2584 720 2647 timoris
739 2604 847 2648 amor.

13 2772 18 2779 Ι
118 2691 158 2756 In
175 2703 207 2757 te
224 2694 398 2779 fingebam
416 2692 582 2756 violentos
600 2690 710 2754 Troas
728 2690 853 2763 ituros3

162 2799 313 2864 Nomine
330 2801 365 2862 in
384 2799 555 2878 Hectoreo
573 2797 701 2882 pallida
719 2817 854 2881 semper
871 2817 977 2861 eram.

118 2905 201 2972 Sive
217 2907 292 2994 quis
308 2906 531 2971 Antilochum
550 2905 711 2968 narrabat
728 2904 772 2967 ab
790 2903 938 2968 Hectore
955 2903 1096 2981 victum,
1142 2933 1173 2992 ις
1226 2971 1229 2977 ,

163 3013 368 3079 Antilochus
385 3013 488 3078 nostri
507 3034 610 3077 causa
627 3011 757 3076 timoris
777 3023 868 3086 erat3

119 3119 213 3196 Sive,
233 3120 475 3186 Menoetiaden
493 3120 587 3184 falsis
607 3119 771 3184 cecidisse
789 3118 852 3182 sub
870 3117 987 3193 armis

162 3229 306 3294 Flebam
325 3250 486 3293 successu
502 3249 602 3312 posse
621 3249 738 3291 carere
757 3226 873 3298 dolos3

119 3335 298 3422 Sanguine
313 3334 537 3419 Tlepolemus
555 3333 701 3419 Lyciam
719 3334 926 3419 tepefecerat
944 3333 1093 3408 hastam,

163 3441 357 3526 Tlepolemi
375 3443 440 3504 leto
458 3461 540 3503 cura
559 3452 681 3504 novata
700 3460 776 3503 mea
794 3451 864 3515 est3
1138 3470 1173 3509 20

119 3547 290 3633 Denique,
309 3547 462 3633 quisquis
479 3557 550 3610 erat
567 3545 685 3609 castris
699 3545 877 3632 jugulatus
895 3542 1039 3609 Achivis

163 3654 337 3741 Frigidius
353 3653 465 3740 glacie
482 3663 601 3736 pectus
619 3652 763 3715 amantis
780 3663 864 3715 erat.
1090 3630 1105 3650 ⁸

119 3759 189 3826 Sed
206 3762 293 3824 bene
310 3759 480 3824 consuluit
496 3770 589 3823 casto
606 3760 690 3822 deus
708 3779 837 3843 aequus
855 3759 984 3824 amori:

163 3867 275 3932 Versa
292 3877 342 3932 est
357 3866 392 3930 in
409 3865 541 3931 cineres
558 3864 683 3948 sospite
700 3863 806 3951 Troja
822 3863 908 3928 viro.
