2476 4148
112 138 156 202 62
336 135 408 204 The
431 135 521 202 Son:
545 139 593 222 of
604 131 721 204 Niobe
743 158 807 201 are
828 137 933 202 slain.
1017 155 1165 227 [Mem

54 394 58 401 .
157 333 346 422 Adjectura
362 354 481 418 preces
499 343 570 397 erat
587 332 639 397 his
656 331 792 398 Latona
808 332 945 398 relatis:
1022 391 1026 397 .

63 433 66 437 ’
112 440 244 505 Desine
260 439 420 503 Phoebus
437 439 503 512 ait;
522 446 659 525 poenae
674 461 772 502 mora
789 439 895 525 longa
911 440 1069 525 querella
1084 449 1148 506 est.

113 546 198 611 dixit
213 546 303 610 idem
320 543 482 618 Phoebe3
507 544 677 630 celerique
694 565 755 628 per
771 549 853 608 aera
868 545 968 630 lapsu

113 652 327 739 contigerant
341 649 419 714 tecti
436 648 629 714 Cadmeida
646 648 793 714 nubibus
811 670 937 715 arcem.
1036 656 1039 660 '

113 758 237 842 planus
253 768 324 821 erat
340 757 475 842 lateque
492 767 612 839 patens
630 776 736 839 prope
752 755 890 820 moenia
907 776 1067 843 campus,

113 863 266 929 adsiduis
282 864 434 947 pulsatus
453 861 563 947 equis,
581 860 639 925 ubi
656 861 754 925 turba
772 872 923 926 rotarum

113 970 267 1056 duraque
284 969 451 1034 mollierat
466 967 637 1055 subjectas
653 967 786 1054 ungula
803 968 937 1054 glebas.
1113 1002 1166 1043 220

158 1075 244 1141 Pars
259 1075 306 1140 ibi
324 1076 365 1140 de
383 1087 511 1159 septem
530 1073 655 1160 genitis
671 1071 870 1159 Amphione
887 1074 990 1142 fortes

114 1182 347 1247 conscendunt
362 1182 397 1246 in
413 1201 531 1266 equos,
549 1179 727 1266 Tyrioque
743 1181 899 1246 rubentia
915 1202 998 1248 suco

112 1300 210 1375 terga
227 1299 397 1372 premunt,
416 1308 566 1372 auroque
582 1307 708 1373 graves
725 1287 945 1353 moderantur
960 1287 1140 1357 habenas:

113 1394 270 1480 equibus
286 1393 453 1468 Ismenos,
472 1393 530 1479 qui
547 1392 645 1456 matri
662 1393 797 1457 sarcina
812 1394 991 1480 quondam

113 1502 223 1587 prima
239 1521 321 1565 suae
338 1499 458 1574 suerat,
478 1499 560 1563 dum
577 1510 707 1565 certum
722 1499 826 1565 flectit
842 1499 877 1564 in
894 1501 1014 1566 orbem
1111 1531 1164 1591 ²25

112 1605 343 1694 quadrupedis
360 1627 489 1681 cursus,
507 1605 771 1692 spumantiaque
787 1627 847 1671 ora
864 1612 1009 1684 coercet,
1098 1600 1100 1604 ’

110 1711 283 1778 Ez'mz‘lu'l
306 1712 511 1799 conclamat,
531 1711 712 1798 medioque
729 1713 765 1776 in
781 1723 920 1798 pectore
936 1714 1007 1779 lixa

110 1820 178 1884 tela
195 1818 295 1905 gerit,
313 1817 486 1903 frenisque
503 1838 607 1882 manu
624 1817 790 1883 moriente
807 1819 970 1896 remissis,

110 1926 146 1990 in
163 1927 250 1989 latus
267 1944 288 1988 a
304 1925 424 1989 dextro
441 1924 605 2008 paulatim
623 1925 740 1990 defluit
757 1946 866 1990 armo.

156 2031 352 2105 Proximus,
371 2030 486 2095 audito
503 2031 614 2095 sonitu
631 2052 693 2116 per
708 2031 812 2097 inane
827 2033 1024 2118 pharetrae,
1111 2065 1165 2122 230

111 2139 208 2203 srena
224 2138 329 2202 dabat
344 2135 508 2223 Sipylus:
532 2137 637 2202 veluti
654 2159 733 2202 cum
750 2139 930 2224 praescius,
941 2138 1060 2206 imbris

112 2246 202 2310 nube
219 2244 308 2332 fugit
322 2244 411 2319 visa,
429 2244 682 2330 pendentiaque
698 2245 850 2331 undique
866 2255 978 2312 rector

111 2352 256 2416 carbasa
271 2350 421 2426 deducit,
439 2371 483 2414 ne
500 2371 568 2436 qua
585 2350 670 2415 levis
686 2351 802 2414 effluat
819 2371 915 2416 aura.

109 2459 206 2522 frena
223 2458 346 2523 dabat:
373 2458 511 2521 dantem
528 2478 597 2521 non
614 2457 772 2522 evitabile
788 2458 895 2523 telum

110 2564 347 2650 consequitur:
372 2584 575 2649 summaque
590 2574 740 2628 tremens
757 2564 891 2629 cervice
907 2563 1034 2652 sagitta·
1108 2595 1162 2655 ²33

110 2670 232 2746 haesit,
250 2681 283 2735 et
299 2670 455 2734 exstabat
470 2670 601 2734 nudum
618 2670 661 2734 de
677 2680 814 2758 gutture
829 2670 971 2735 ferrum.

109 2776 178 2851 ille,
197 2786 233 2840 ut
249 2787 322 2840 erat
337 2797 478 2861 pronus,
496 2797 558 2860 per
574 2797 674 2841 crura
690 2776 841 2842 admissa
853 2777 1025 2865 jubasque

107 2883 266 2960 volvitur,
285 2893 317 2946 et
334 2882 446 2947 calido
462 2883 620 2948 tellurem
636 2883 807 2970 sanguine
822 2883 948 2949 foedat.

153 2986 363 3052 Phaedimus
379 2985 499 3050 infelix
515 2996 550 3051 et
565 2986 644 3051 aviti
660 2987 807 3052 nominis
824 2988 923 3053 heres

108 3093 290 3169 Tantalus,
307 3103 344 3157 ut
360 3092 458 3158 solito
475 3093 580 3156 finem
596 3092 790 3177 imposuere
804 3092 927 3170 labori,
1107 3127 1162 3182 240

108 3200 311 3264 transierant
328 3199 372 3263 ad
388 3219 474 3284 opus
491 3199 618 3264 nitidae
631 3198 784 3286 juvenile
800 3200 1013 3285 palaestrae:

109 3317 143 3370 et
154 3306 226 3393 jam
243 3306 458 3370 contulerant
475 3316 547 3370 arto
564 3304 726 3369 luctantia
742 3326 835 3370 nexu

109 3424 247 3497 pectora
263 3412 478 3496 pectoribus3
505 3433 582 3477 cum
599 3422 690 3476 tento
708 3412 840 3477 concita
856 3434 976 3491 nervo,

110 3517 196 3584 sicut
210 3529 308 3583 erant
318 3519 440 3607 juncti,
458 3519 591 3606 trajecit
606 3531 787 3605 utrumque
804 3519 938 3607 sagitta.

109 3625 308 3712 ingemuere
325 3626 447 3700 simul:
472 3627 573 3691 simul
590 3626 766 3691 incurvata
783 3626 900 3692 dolore
1105 3660 1157 3718 245

109 3734 263 3799 membra
280 3735 352 3798 solo
369 3754 534 3818 posuere:
560 3732 661 3797 simul
678 3754 839 3818 suprema
852 3732 1007 3821 jacentes

108 3839 239 3906 lumina
255 3851 452 3906 versarunt:
478 3839 630 3905 animam
647 3839 748 3904 simul
764 3840 982 3906 exhalarunt.
