2476 4148
97 128 141 202 30
291 137 331 183 11.
371 117 443 184 Tha
464 115 670 184 Adventare
692 121 740 204 of
752 116 946 185 Phaethon.
1000 133 1147 207 [Mum.

96 315 216 391 credit,
234 325 271 379 ut
286 314 410 402 injuste
426 314 522 380 missi
539 335 670 380 memor
686 314 777 402 ignis
793 315 836 380 ab
854 314 934 381 illos

96 433 219 508 stagna
236 422 319 508 petit
335 422 536 507 patulosque
553 421 662 497 lacus,
681 421 868 508 ignemque
885 443 1042 508 perosus,

95 548 184 614 quae
201 528 302 602 colat,
321 527 426 614 elegit
442 527 610 592 contraria
626 526 768 591 flumina
783 526 944 592 flammis.
1095 546 1148 615 380

141 633 328 719 Squalidus
345 633 475 698 interea
491 633 626 720 genitor
642 631 878 708 Phaethontis,
896 645 930 698 et
945 655 1071 720 expers
1113 706 1117 715 ,

95 739 168 824 ipse
186 740 237 803 sui
254 740 399 815 decoris,
418 739 529 825 qualis
546 759 625 803 cum
642 739 756 804 deficit
772 739 889 804 orbem

95 839 170 911 esse
187 846 285 920 solet,
302 846 482 931 lucemque
499 845 570 910 odit
585 865 690 931 seque
705 844 779 930 ipse
797 845 970 931 diemque,

94 951 220 1037 datque
237 951 389 1015 animum
405 950 440 1014 in
458 952 581 1026 luctus,
599 961 633 1015 et
648 950 794 1015 luctibus
811 950 914 1016 adicit
928 951 1031 1029 iram,
1187 1031 1189 1037 ἲ

20 1117 25 1123 .
94 1055 312 1142 officiumque
327 1067 433 1143 negat
448 1056 590 1121 mundo.
641 1055 774 1120 ‘Satis'
790 1055 898 1142 inquit
913 1057 978 1123 ‘ab
994 1057 1073 1125 aevi
1094 1076 1147 1144 385

95 1185 168 1228 sors
184 1183 261 1227 mea
278 1162 453 1248 principiis
470 1161 533 1226 suit
548 1161 751 1247 inrequieta,
771 1162 933 1249 pigetque

94 1281 247 1334 actorum
264 1269 338 1333 siue
354 1269 423 1333 fine
439 1268 536 1343 mibi,
555 1268 628 1332 sine
646 1269 775 1333 honore
792 1268 960 1334 laborum.

93 1375 235 1462 quilibet
251 1376 334 1440 alter
352 1386 433 1462 agat
449 1386 622 1459 portantes
639 1373 768 1439 lumina
786 1395 927 1440 currusz

93 1483 122 1548 si
139 1503 241 1546 nemo
258 1492 321 1556 est,
339 1502 526 1567 omnesque
543 1480 599 1545 dei
616 1502 685 1545 non
701 1501 801 1567 posse
818 1480 978 1558 fatentur,

37 1615 40 1620 ·
92 1588 166 1674 ipse
184 1599 286 1675 agat3
309 1598 347 1651 ut
363 1588 497 1662 saltem,
516 1587 597 1651 dum
615 1597 748 1651 nostras
764 1597 905 1673 temptat
921 1588 1090 1667 habenae,
1158 1571 1159 1574 Ἴ

92 1695 252 1760 orbatura
268 1705 381 1779 patres
400 1693 583 1779 aliquando
600 1692 743 1757 fulmina
761 1706 876 1778 ponat.

92 1812 163 1865 tum
180 1800 275 1875 sciet,
294 1799 495 1887 ignipedum
513 1799 601 1865 vires
620 1791 779 1885 expertus
796 1821 974 1886 equorum,

91 1930 160 1974 non
178 1908 342 1972 meruisse
360 1927 493 1982 necem,
512 1907 656 1993 quinon
672 1908 760 1972 bene
776 1908 901 1972 rexerit
917 1905 1018 1974 illos)

136 2013 238 2078 Talia
256 2013 424 2079 dicentem
442 2013 663 2078 circumstant
678 2013 792 2079 omnia
811 2013 929 2079 Solem

22 2161 24 2165 -
90 2118 246 2193 numina,
264 2139 352 2183 neve
368 2117 449 2182 velit
466 2118 624 2183 tenebras
642 2117 803 2182 inducere
821 2118 936 2195 rebus,
985 2166 988 2171 ·
1089 2151 1143 2210 395

91 2225 246 2311 supplice
262 2246 347 2292 voce
365 2236 489 2314 rogant
499 2247 509 2300 3
535 2224 655 2290 missos
673 2245 808 2310 quoque
820 2223 978 2310 Juppiter
994 2225 1095 2316 ignes

90 2344 244 2410 excusat,
262 2334 489 2421 precibusque
507 2334 617 2398 minas
634 2332 794 2420 regaliter
811 2333 915 2398 addit.

91 2441 221 2528 colligit
237 2453 389 2507 amentes
406 2454 439 2508 et
455 2443 569 2507 adhuc
585 2453 711 2506 terrore
729 2451 893 2526 paventes
916 2443 921 2454 '
1068 2527 1070 2532 ,

90 2545 251 2613 Phoebus
269 2570 387 2634 equos,
407 2548 609 2633 stimuloque
626 2548 770 2613 domans
787 2557 820 2612 et
836 2547 978 2614 verbere
994 2550 1129 2618 caedit=

90 2653 198 2720 saevit
213 2654 318 2731 enim,
335 2665 521 2740 natumque
538 2653 685 2741 objectat
700 2664 734 2719 et
749 2654 893 2742 imputat
908 2654 988 2722 illis.
1033 2668 1036 2673 ’
1081 2687 1141 2742 7,ρο
