2476 4148
48 210 53 221 ,
108 131 152 198 26
312 153 351 198 11.
392 133 464 200 Tae
485 95 692 202 Adaentura
715 134 764 221 qs
775 131 969 201 Phamean.
1014 153 1160 226 [Mum.

106 350 314 415 arsurusque
331 329 453 395 iterum
470 329 643 406 Xanthus,
661 330 839 417 flavusque
856 328 1065 417 Lycormas,
1109 364 1160 421 245

105 438 232 524 quique
250 435 437 500 recurvatis
454 435 539 500 ludit
555 435 765 501 Maeandros
781 436 816 501 in
832 436 947 515 undis,

106 543 389 632 Mygdoniusque
406 541 520 607 Melas
538 554 571 607 et
585 542 779 608 Taenarius
795 541 954 610 Eurotas.

150 651 245 717 Arsit
261 663 294 716 et
310 649 505 734 Euphrates
522 647 748 735 Babylonius,
767 649 849 722 arsit
865 648 1026 728 Orontes,

105 758 396 843 Thermodonque
414 755 514 829 citus,
531 754 755 843 Gangesque,
771 764 805 820 et
820 753 960 833 Phasis,
975 759 1014 824 ἐτ’·
1026 757 1157 826 Hister.

106 876 238 932 aestuat
253 863 430 950 Alpheos3
456 861 551 947 ripae
569 860 800 947 Spercheides
814 862 958 938 ardent;
1108 896 1160 952 250

105 972 264 1058 quodque
281 993 343 1038 suo
358 970 481 1057 Tagus
498 987 601 1032 amne
617 966 724 1042 vehit,
742 967 816 1032 fluit
830 967 983 1056 ignibus,
1001 991 1147 1047 aurum3

106 1090 138 1143 et
154 1100 243 1165 quae
259 1076 440 1142 Maeonias
456 1074 671 1141 celebrarant
687 1073 839 1140 carmine
854 1073 949 1160 ripas
1026 1074 1034 1089 ’

105 1184 288 1251 flumineae
304 1184 474 1258 volucreS,
494 1180 605 1246 medio
623 1179 760 1245 caluere
777 1178 936 1267 Caystro.

105 1291 208 1357 Nilus
224 1291 259 1356 in
276 1301 465 1356 extremum
482 1287 569 1376 fugit
584 1284 781 1372 perterritus
798 1286 930 1363 orbern,

62 1431 73 1441 -·
104 1397 320 1484 occuluitque
336 1406 451 1481 caput,
471 1394 561 1481 quod
579 1378 694 1458 adhuc
710 1392 812 1456 latet:
836 1392 923 1458 ostia
939 1404 1072 1479 septem
1107 1425 1159 1484 255

105 1504 342 1588 pulverulenta
359 1513 495 1578 vacant,
513 1510 644 1586 septem
662 1499 735 1564 sine
752 1497 894 1564 flumine
909 1499 1031 1566 valles.

105 1610 174 1676 fors
191 1600 312 1676 eadem
330 1609 491 1674 Ismarios
509 1607 666 1673 Hebrum
684 1626 762 1671 cum
780 1604 966 1692 Strymone
982 1606 1102 1684 siccat,

106 1716 362 1803 Hesperiosque
403 1736 534 1791 amnes,
566 1713 732 1779 Rhenum
771 1711 1053 1801 Rhodanumque
1092 1715 1161 1781 Pa-

239 1824 404 1909 dumque,

104 1928 228 2015 cuique
246 1929 307 1994 suit
323 1950 436 1992 rerum
453 1927 620 2013 promissa
637 1926 800 2013 potentia,
819 1925 990 2014 Thybrin.
1105 1978 1109 1985 .

149 2035 281 2100 Dissilit
298 2056 399 2099 omne
416 2035 540 2109 solum,
558 2044 779 2120 penetratque
795 2032 832 2098 in
849 2024 997 2098 Tartara
1013 2032 1112 2101 rimis

103 2142 233 2216 lumen,
252 2152 285 2206 et
301 2141 471 2204 infernum
488 2150 589 2205 terret
606 2161 684 2205 curn
701 2141 849 2228 conjuge
867 2160 1007 2227 regem;

103 2259 137 2314 et
152 2269 247 2313 mare
265 2247 486 2322 contrahitur,
504 2246 685 2332 siccaeque
701 2258 752 2311 est
768 2267 911 2332 campus
930 2266 1058 2312 arenae

102 2356 194 2441 quod
211 2356 312 2419 modo
329 2366 452 2440 pontus
470 2365 555 2429 erat,
569 2373 722 2440 quosque
740 2353 846 2416 altum
862 2365 996 2419 texerat
1012 2374 1168 2443 aequor,

103 2462 269 2526 exsistunt
285 2471 416 2525 montes
433 2468 466 2525 et
482 2479 618 2544 sparsas
636 2457 812 2546 Cycladas
830 2472 972 2549 augent.

102 2567 171 2631 ima
188 2578 305 2651 petunt
321 2566 445 2651 pisces,
464 2587 528 2630 nec
544 2587 582 2630 se
597 2588 701 2652 super
717 2589 867 2660 aequora
885 2571 981 2638 curvi
1106 2590 1158 2661 ²⁶5

101 2673 220 2738 tollere
237 2683 417 2737 consuetas
435 2672 561 2737 audent
576 2672 757 2758 delphines
773 2675 809 2740 in
826 2697 941 2744 auras.

102 2800 245 2864 corpora
263 2780 451 2864 phocarum
468 2800 602 2844 summo
619 2773 780 2867 resupina
798 2785 968 2869 profundo

103 2885 298 2956 exanimata
314 2896 451 2949 natant:
476 2885 587 2970 ipsum
606 2910 742 2976 quoque
759 2890 876 2957 Nerea
893 2893 987 2957 sama
1003 2902 1056 2959 est

102 2992 300 3078 Doridaque
317 3001 350 3056 et
365 3002 462 3057 natas
478 2992 600 3078 tepidis
618 2997 757 3063 latuisse
774 3000 838 3065 sub
855 2999 972 3064 antris.

101 3109 152 3164 ter
168 3098 350 3183 Neptunus
367 3099 464 3184 aquis
481 3120 559 3165 curn
577 3113 672 3169 torvo
689 3106 852 3171 bracchia
868 3107 962 3170 vultu
1104 3136 1159 3191 270

102 3226 261 3271 exserere
279 3227 380 3271 ausus
398 3217 489 3282 erat3
515 3223 565 3276 ter
581 3236 650 3278 non
667 3214 742 3278 tulit
758 3214 845 3278 aeris
862 3213 973 3300 ignes.

147 3311 251 3376 Alma
267 3324 382 3377 tamen
397 3315 533 3393 Tellus,
550 3331 588 3385 ut
605 3331 677 3385 erat
693 3321 904 3385 circumdata
920 3327 1038 3404 ponto,

102 3418 189 3483 inter
205 3441 311 3506 aquas
328 3422 457 3512 pelagi,
477 3438 667 3493 contractos
683 3425 834 3513 undique
851 3425 975 3502 fonteS,

102 3525 159 3612 qui
176 3548 212 3590 se
230 3515 452 3598 condiderant
469 3535 502 3598 in
520 3554 650 3619 opacae
666 3532 799 3598 viscera
815 3531 945 3608 matris,

102 3635 236 3700 sustulit
252 3663 435 3727 oppressos
452 3642 541 3706 collo
557 3650 655 3705 tenus
673 3638 768 3704 arida
784 3639 918 3703 vultus:
1104 3668 1156 3728 275

102 3749 327 3834 opposuitque
346 3769 485 3811 manum
503 3747 615 3821 fronti,
636 3766 832 3832 magnoque
848 3755 995 3811 tremore

102 3856 217 3920 omnia
235 3854 433 3921 concutiens
450 3853 592 3939 paulum
609 3851 774 3927 subsedit,
793 3861 826 3915 et
840 3850 930 3917 infra
