2476 4148
107 137 252 210 1V2784]
385 65 388 70 Ι
410 119 481 187 The
502 119 693 206 Marriage
714 118 884 185 Festz'val.
1113 131 1157 207 47

16 394 21 403 .
106 339 200 385 nunc
216 337 351 404 quoque
369 317 506 381 curaliis
523 317 644 380 eadem
661 325 781 380 natura
798 315 973 392 remansit,
1043 402 1045 406 y
1107 344 1159 399 750

107 425 266 491 duritiam
283 433 371 487 tacto
389 423 526 507 capiant
541 433 578 486 ut
594 423 636 486 ab
654 427 746 496 aere,
765 423 924 506 quodque

106 532 222 596 vimen
238 530 272 594 in
291 549 439 615 aequore
458 538 541 601 erat,
560 529 620 591 fiat
636 547 738 612 super
755 547 904 612 aequora
921 550 1058 592 saxum.

153 637 216 702 Dis
232 637 338 701 tribus
354 636 412 699 ille
429 635 524 699 focos
540 633 678 698 totidem
697 633 740 696 de
753 633 884 714 ¹cespite
901 634 1008 717 ponit,

107 743 242 807 laevum
261 740 448 815 Mercurio,
469 741 626 804 dextrum
643 738 716 814 tibi,
735 739 860 803 bellica
875 738 1006 825 Virg03

108 869 168 912 ara
179 848 275 935 Jovis
292 848 404 912 media
421 857 492 911 est:
519 854 685 909 mactatur
701 865 809 908 vacca
825 843 1019 922 Minervae,
1106 877 1156 934 755

109 953 235 1039 alipedi
251 955 387 1028 vitulus,
407 964 524 1018 taurus
541 950 613 1026 tibi,
633 970 766 1015 summe
783 950 936 1014 deorum.

108 1061 259 1147 protinus
276 1059 524 1124 Andromedan
540 1069 574 1122 et
586 1058 672 1121 tanti
690 1056 843 1140 praemia
860 1056 940 1120 facti

108 1167 258 1231 indotata
275 1167 373 1250 rapit.
422 1165 562 1230 Taedas
581 1163 807 1249 Hymenaeus
822 1160 1000 1249 Amorque

108 1272 342 1359 praecutiunt3
367 1272 474 1357 largis
491 1272 655 1336 satiantur
671 1269 831 1334 odoribus
847 1268 959 1355 ignes,

108 1391 265 1464 sertaque
282 1379 482 1463 dependent*
493 1378 600 1453 tectis,
620 1388 653 1441 et
669 1376 794 1461 ubique
811 1376 976 1460 lyraeque
1107 1395 1159 1460 760

107 1486 258 1570 tibiaque
275 1495 307 1549 et
324 1497 456 1559 cantus,
475 1485 579 1548 animi
597 1483 710 1548 felicia
728 1482 807 1545 laeti

95 1602 324 1679 argumenta,
344 1603 476 1656 sonant.
526 1590 703 1655 Reseratis
721 1610 826 1653 aurea
842 1589 951 1654 valvis

109 1698 194 1761 atria
211 1709 278 1763 tota
296 1708 423 1782 patent,
444 1698 656 1783 pulchroque
673 1691 837 1761 instructa
856 1708 977 1781 paratu
1060 1736 1063 1739 ,

108 1803 266 1888 Cepheni
283 1825 440 1888 proceres
458 1803 575 1868 ineunt
592 1802 748 1868 convivia
765 1802 869 1889 regis.

154 1910 339 1996 Postquam
357 1911 465 1994 epulis
482 1910 588 1974 suncti
606 1909 764 1998 generosi
783 1931 923 1974 munere
940 1909 1071 1975 Bacchi
1105 1926 1155 1997 7⁶5

109 2016 276 2082 diffudere
294 2016 438 2091 animos
457 2019 634 2103 cultusque
651 2038 828 2105 genusque
844 2018 1015 2081 locorum.

108 2122 241 2209 quaerit
258 2123 444 2209 Lyncides,
465 2145 644 2210 moresque
662 2124 884 2209 animumque
902 2124 1073 2199 virorum3

110 2229 167 2315 qui
185 2229 285 2293 simul
302 2230 448 2304 edocuit,
470 2230 617 2307 ‘Nunc,-
629 2231 661 2296 O
678 2231 883 2304 fortissime,'
900 2231 985 2294 dixit

110 2336 205 2400 ‘sare
222 2358 355 2421 precor,
373 2336 515 2411 Perseu,
534 2349 660 2422 quanta
677 2338 810 2412 virtute,
829 2337 1021 2423 quibusque
1106 2365 1158 2420 770

108 2442 236 2506 artibus
254 2443 432 2507 abstuleris
449 2443 570 2507 crinita
587 2444 791 2508 draconibus
808 2443 894 2508 ora!

106 2560 222 2611 narrat
238 2546 454 2635 Agenorides
472 2549 586 2637 gelido
604 2551 666 2614 sub
682 2549 820 2614 Atlante
833 2550 1007 2638 jacentem

107 2674 182 2718 esse
200 2655 313 2718 locum
330 2655 459 2719 solidae
475 2666 582 2719 tutum
601 2656 787 2720 munimine
805 2658 918 2733 molis,

107 2760 205 2847 cujus
221 2761 256 2824 in
272 2761 407 2852 introitu
425 2762 583 2848 geminas
594 2763 771 2852 ‘habitasse
788 2785 923 2830 sorores

106 2865 308 2942 Phorcidas,
326 2867 427 2932 unius
444 2868 584 2953 partitas
601 2869 739 2934 luminis
757 2893 878 2936 usum:

105 2972 140 3036 id
158 2993 194 3036 se
211 2973 338 3037 sollerti
356 2973 482 3049 furtim,
501 2975 582 3038 dum
602 2976 757 3052 traditur,
777 2992 850 3042 astu

106 3079 279 3163 subposita
298 3082 428 3165 cepisse
446 3102 549 3146 manu
563 3105 728 3182 ;·perque
746 3086 860 3150 abdita
877 3087 982 3174 longe

105 3181 274 3271 deviaque
291 3198 324 3250 et
340 3187 433 3251 silvis
451 3189 623 3253 horrentia
641 3212 725 3255 saxa
743 3191 889 3278 fragosis

107 3292 310 3378 Gorgoneas
326 3294 478 3381 tetigisse
498 3298 639 3373 domos3
664 3298 860 3383 passimque
877 3322 938 3384 per
955 3322 1056 3387 agros

106 3419 234 3484 perque
251 3399 324 3465 vias
342 3402 467 3468 vidisse
487 3405 662 3468 hominum
681 3404 864 3469 simulacra
881 3407 1098 3493 ferarumque

105 3505 140 3568 in
158 3507 287 3571 silicem
306 3532 350 3574 ex
365 3511 449 3596 ipsis
465 3511 537 3575 visa
556 3531 720 3576 conversa
738 3509 907 3576 Medusa:

105 3634 142 3677 se
159 3625 273 3680 tamen
292 3619 482 3683 horrendae
499 3618 613 3702 clipei,
631 3618 722 3703 quod
739 3618 839 3681 laeva
856 3620 1009 3704 gerebat,

105 3742 184 3786 aere
200 3746 415 3810 repercusso,
434 3726 578 3788 formam
597 3724 773 3808 aspexisse
790 3724 980 3798 Medusae;
1103 3717 1105 3720 ’

104 3831 257 3918 dumque
274 3830 392 3917 gravis
409 3851 549 3895 somnus
566 3830 792 3914 colubrasque
810 3830 987 3915 ipsamque
1004 3833 1153 3909 tenebat,
