2476 4148
112 159 294 232 vl11.724.]
323 142 360 210 T
353 141 417 230 tay
439 164 504 207 are
526 141 767 227 transforment
787 149 821 205 to
851 139 888 207 T
881 161 968 206 rees.
1122 159 1164 229 91

157 336 248 404 Vota
264 339 350 404 fides
366 338 538 424 sequiturz
562 337 680 422 templi
696 336 801 401 tutela
818 335 928 409 suere,

112 445 224 509 donec
240 443 309 509 vita
326 445 406 508 data
421 453 485 508 est.
533 442 647 507 Annis
663 462 817 526 aevoque
834 440 948 517 soluti,

113 559 191 614 ante
208 551 337 635 gradus
354 570 470 614 sacros
487 570 565 613 cum
583 557 711 612 starent
727 547 825 622 forte,
843 547 980 633 locique

112 654 302 740 inciperent
319 676 431 728 casus,
450 654 608 719 frondere
625 650 830 717 Philemona
848 651 990 727 Baucis,

111 760 269 826 Baucida
286 759 464 845 conspexit
479 759 592 824 senior
609 758 768 823 frondere
785 758 980 824 Philemon.
1113 786 1163 844 715

108 868 251 957 jamque
267 887 372 952 super
388 865 545 952 geminos
563 875 737 930 crescente
755 865 935 930 cacumine
951 864 1063 929 vultus

111 983 243 1047 mutua,
262 972 344 1037 dum
361 970 469 1046 licuit,
487 970 677 1036 reddebant
692 971 796 1046 dicta,
826 969 909 1035 Vale
925 990 991 1055 que

117 1077 315 1164 Oconjunx
331 1076 450 1142 dixere
467 1075 581 1152 simul,
600 1076 701 1141 simul
719 1063 835 1141 abdita
851 1075 936 1141 texit

111 1205 172 1251 ora
189 1183 314 1249 frutex.
363 1182 522 1249 Ostendit
538 1183 652 1248 adhuc
668 1182 839 1247 Thineius
855 1180 927 1246 illic

111 1291 226 1359 incola
242 1293 286 1358 de
303 1292 443 1380 gemino
458 1290 589 1356 vicinos
606 1309 748 1374 corpore
765 1299 915 1353 truncos.
1112 1315 1165 1372 720

112 1399 201 1464 haec
217 1397 302 1463 mihi
318 1419 388 1464 non
403 1395 484 1463 vani
494 1415 661 1481 -neque
678 1404 751 1458 erat
771 1414 833 1459 cur
848 1394 969 1459 fallere
984 1393 1165 1460 vellent-

112 1526 298 1571 narravere
315 1524 436 1570 senes:
461 1501 620 1590 equidem
636 1499 820 1585 pendentia
836 1497 907 1564 vidi

114 1622 203 1678 serta
220 1632 323 1698 super
339 1630 473 1685 ramos3
498 1627 698 1694 ponensque
714 1604 878 1681 recentia,
897 1604 969 1670 dixi

120 1717 217 1786 Cura
229 1718 289 1807 pii
300 1717 353 1783 dis
369 1723 461 1795 sunt,
479 1722 513 1781 et
528 1715 593 1802 qui
604 1713 740 1779 coluere
755 1711 930 1779 coluntur.
