2476 4148
90 159 114 213 1.
141 158 197 230 79.]
259 223 263 231 Ι
301 136 373 203 Tae
394 137 580 203 Heuuens:
611 136 775 203 Creation
800 137 848 224 <ff
860 137 963 202 Man.
1120 153 1138 222 7
1194 132 1195 135 ’

89 346 185 423 parte
202 346 319 401 secant
335 357 455 411 zonae,
474 334 591 421 quinta
608 345 659 400 est
675 334 848 400 ardentior
863 333 952 399 illis:

89 444 139 508 sic
155 465 242 508 onus
257 442 426 507 inclusum
443 463 586 507 numero
603 441 756 506 distinxit
772 442 894 507 eodem

90 568 174 614 cura
190 548 258 625 dei,
276 549 483 635 totidemque
500 549 626 636 plagae
642 548 763 614 tellure
780 558 991 634 premuntur.

90 675 236 741 quarum
252 675 340 741 quae
357 654 470 720 media
486 664 549 730 est,
567 676 637 719 non
653 665 704 719 est
720 654 915 719 habitabilis
932 664 1049 729 aestu,

90 760 151 826 nix
166 760 251 848 tegit
267 762 335 848 alta
351 761 458 836 duas3
482 761 622 826 totidem
638 761 726 824 inter
741 771 921 847 utramque
938 761 1074 838 locavit,
1108 792 1143 848 50

89 867 357 953 temperiemque
367 867 473 946 dedit,
482 867 588 931 mixta
605 887 683 931 cum
701 866 829 954 frigore
845 867 997 932 flamma.

136 972 297 1038 Imminet
313 973 366 1038 his
383 979 462 1038 aer:
487 973 558 1059 qui,
576 983 704 1059 quanto
722 984 773 1037 est
788 975 940 1058 pondere
957 985 1068 1039 terrae

91 1080 226 1167 pondus
243 1100 353 1166 aquae
370 1079 492 1154 levius
510 1091 604 1144 tanto
621 1091 672 1145 est
687 1081 863 1146 onerosior
879 1080 970 1169 igni.
991 1116 993 1119 ·

33 1201 36 1206 ·
91 1186 162 1250 illic
178 1197 211 1250 et
226 1186 382 1261 nebulas,
401 1185 471 1250 illic
488 1186 671 1252 consistere
689 1189 797 1253 nubes

87 1291 201 1381 jussit,
219 1304 253 1358 et
268 1294 438 1357 humanas
455 1302 588 1356 motura
604 1293 750 1358 tonitrua
767 1305 909 1371 mentes,
1110 1324 1142 1381 55

91 1410 218 1464 etcum
235 1399 435 1464 fulminibus
451 1397 616 1464 facientes
633 1399 761 1486 frigora
777 1413 909 1467 ventos.

91 1505 145 1570 his
162 1527 297 1592 quoque
315 1527 383 1570 non
400 1505 528 1590 passim
546 1506 664 1570 mundi
681 1506 864 1571 fabricator
881 1508 1079 1573 habendum

92 1617 172 1677 a‘e’ra
189 1611 363 1697 permisit:
388 1611 447 1676 vix
465 1633 556 1676 nunc
572 1612 742 1679 obsistitur
756 1613 835 1692 illis,

92 1740 170 1784 curn
187 1740 250 1783 sua
266 1717 409 1805 quisque
427 1730 549 1805 regant
565 1719 701 1784 diverso
717 1719 859 1802 flamina
874 1731 997 1797 tractu,

91 1825 173 1912 quin
190 1824 319 1889 lanient
336 1825 500 1889 mundum
514 1847 522 1898 ;
547 1835 639 1890 tanta
656 1837 707 1890 est
722 1827 893 1892 discordia
908 1828 1062 1892 fratrum.
1108 1843 1143 1898 60

91 1931 205 1997 Eurus
223 1933 267 1997 ad
283 1951 441 1996 auroram
458 1929 707 2018 Nabataeaque
724 1954 833 2020 regna
849 1935 1003 2010 recessit,

90 2038 302 2126 Persidaque
320 2049 352 2102 et
368 2037 472 2103 radiis
485 2038 571 2125 juga
589 2038 724 2104 subdita
741 2041 936 2116 matutinis3

89 2144 226 2231 Vesper
242 2156 275 2235 et
290 2144 435 2211 occiduo
450 2166 539 2230 quae
556 2129 654 2210 litora
670 2146 742 2211 sole
758 2157 950 2232 tepescunt,

71 2308 72 2312 ,
91 2252 249 2337 proxima
265 2263 344 2317 sunt
359 2250 542 2337 Zephyr03
568 2250 748 2338 Scythiam
766 2265 965 2341 septemque
981 2253 1125 2318 trionem

91 2359 235 2425 horrifer
250 2357 375 2422 invasit
391 2357 542 2431 Boreas3
568 2357 737 2422 contraria
753 2358 855 2423 tellus
910 2396 916 2406 ·
1107 2376 1141 2445 65

91 2465 238 2530 nubibus
255 2464 401 2530 assiduis
418 2462 602 2549 pluvioque
620 2463 786 2528 madescit
801 2465 845 2530 ab
864 2462 1004 2529 Austro.
1044 2491 1049 2497 ·

91 2572 178 2636 haec
194 2593 297 2656 super
312 2570 473 2656 imposuit
489 2570 656 2658 liquidum
674 2581 707 2635 et
723 2571 890 2658 gravitate
907 2582 1081 2636 carentem

92 2679 243 2753 aethera,
262 2678 525 2765 necquicquam
544 2688 700 2742 terrenae
717 2677 822 2742 faecis
840 2678 1035 2744 habentem.

134 2782 206 2849 Vix
222 2784 268 2848 ita
284 2784 446 2849 limitibus
462 2785 692 2870 dissaepserat
708 2784 825 2850 omnia
842 2785 955 2862 certis

92 2911 170 2954 curn
186 2912 275 2978 quae
292 2912 410 2976 pressa
427 2891 485 2955 diu
504 2912 616 2965 massa
633 2892 763 2955 latuere
780 2891 843 2956 sub
860 2892 937 2968 illa,
1108 2923 1142 2977 70

92 2997 203 3062 sidera
220 3009 406 3083 coeperunt
421 3007 489 3062 toto
506 2997 731 3063 effervescere
749 2999 867 3063 caelo:

92 3125 158 3168 neu
175 3104 271 3191 regio
287 3103 372 3168 foret
388 3104 458 3167 ulla
475 3103 546 3168 suis
564 3104 794 3169 animantibus
810 3104 907 3178 orba,

92 3221 181 3276 astra
197 3221 312 3276 tenent
328 3211 475 3275 caeleste
493 3211 603 3274 solum
620 3212 819 3297 formaeque
842 3211 1005 3287 deorum3
1039 3256 1041 3261 ,

92 3329 267 3382 cesserunt
282 3316 396 3381 nitidis
413 3317 620 3381 habitandae
637 3318 786 3402 piscibus
803 3317 938 3392 undae3

91 3433 178 3489 terra
195 3424 285 3488 feras
302 3423 403 3508 cepit,
422 3424 579 3487 volucres
597 3423 768 3510 agitabilis
786 3431 857 3490 aer.

134 3529 296 3596 Sanctius
313 3529 366 3594 his
384 3528 512 3593 animal
530 3530 720 3617 mentisque
738 3532 901 3616 capacius
919 3532 1008 3598 altae

91 3635 206 3701 deerat
223 3637 349 3711 adhuc,
368 3646 401 3699 et
416 3636 507 3721 quod
524 3636 693 3700 dominari
709 3636 744 3700 in
761 3649 874 3702 cetera
892 3650 1018 3725 posset.

92 3753 188 3808 natus
205 3745 307 3808 homo
324 3753 394 3806 est:
419 3743 491 3806 sive
509 3743 601 3805 hunc
618 3742 733 3807 divino
750 3744 880 3809 semine
897 3744 976 3810 fecit

90 3849 146 3916 ille
162 3849 279 3937 opifex
295 3870 421 3925 rerum,
442 3848 559 3913 mundi
578 3849 726 3914 melioris
743 3849 854 3938 orig0,
