2460 4140
106 159 147 226 14
284 158 309 203 1.
350 137 386 204 T
379 139 422 205 he
449 137 613 206 Creation
637 141 711 206 and
731 141 788 205 tlte
809 138 937 206 Flood.
1014 156 1159 229 [Mareu

102 335 275 401 intremuit
291 346 453 422 motuque
468 335 543 402 vias
559 337 719 423 patefecit
735 358 915 424 aquarum.

103 443 277 528 expatiata
293 454 396 507 ruunt
412 464 474 528 per
490 454 624 528 apertos
640 443 784 508 flumina
799 465 954 531 campos,
1106 463 1157 530 285

104 570 251 637 cumque
268 550 350 614 satis
368 549 506 614 arbusta
523 549 624 614 simul
642 551 862 636 pecudesque
879 551 1039 636 virosque

103 666 273 742 tectaque,
293 676 442 742 cumque
459 655 529 720 suis
545 658 682 741 rapiunt
697 656 885 741 penetralia
901 656 1021 722 sacris.

104 763 203 850 siqua
219 763 342 828 domus
360 762 495 839 mansit,
515 762 689 849 potuitque
706 762 862 828 resistere
877 775 971 828 tanto

105 869 273 957 indejecta
290 869 395 946 malo,
415 870 552 933 culmen
567 881 683 934 tamen
701 869 799 934 altior
815 868 917 957 hujus
986 907 990 913 ·

49 992 53 998 ·
104 977 198 1042 unda
213 976 311 1064 tegit,
329 996 536 1061 pressaeque
553 977 658 1040 latent
674 976 737 1041 sub
754 975 891 1063 gurgite
906 988 1052 1042 turres·
1105 1007 1156 1064 290

144 1082 293 1170 jamque
310 1103 404 1147 mare
420 1092 454 1147 et
467 1081 568 1147 tellus
584 1081 717 1146 nullum
734 1081 917 1147 discrimen
934 1082 1131 1148 habebant:

105 1189 221 1253 omnia
238 1199 361 1273 pontus
378 1199 470 1262 erat3
494 1187 638 1252 deerant
652 1208 789 1274 quoque
805 1187 903 1252 litora
919 1199 1038 1274 ponto.

106 1305 252 1380 occupat
267 1296 324 1360 hic
340 1295 461 1360 collem
475 1317 484 1369 ;
509 1293 635 1380 cymba
651 1294 748 1358 sedet
762 1294 848 1358 alter
864 1295 1012 1372 adunca,

106 1412 140 1468 et
155 1401 247 1467 ducit
263 1423 376 1467 remos
391 1401 475 1476 illic,
493 1399 551 1465 ubi
568 1421 678 1484 nuper
694 1411 827 1475 ararat3

106 1508 164 1574 ille
181 1530 284 1594 super
299 1519 434 1596 segetes
451 1519 508 1572 aut
524 1527 657 1572 mersae
674 1507 826 1571 culmina
841 1507 944 1572 villae
1106 1536 1157 1595 ²95
1219 1524 1220 1527 ’

107 1615 268 1703 navigat;
293 1614 350 1680 hic
365 1634 500 1679 summa
516 1613 646 1698 piscem
663 1613 844 1697 deprendit
859 1613 894 1677 in
912 1613 1017 1678 ulmo.

106 1722 222 1810 figitur
239 1722 273 1786 in
289 1721 402 1796 viridi,
420 1720 449 1785 si
466 1721 534 1785 sors
550 1719 638 1795 tulit,
656 1721 807 1784 anchora
823 1730 934 1804 prato,

107 1838 165 1892 aut
181 1827 333 1915 subjecta
349 1837 461 1891 terunt
476 1847 602 1890 curvae
619 1824 732 1891 vineta
749 1826 899 1891 carinae.

107 1945 152 2009 et,
172 1934 272 1998 modo
288 1953 356 2019 qua
372 1932 519 2020 graciles
536 1953 680 2020 gramen
697 1953 858 2016 carpsere
874 1933 1043 2019 capellae,

106 2062 199 2105 nunc
215 2039 261 2104 ibi
278 2038 448 2104 deformes
464 2051 595 2124 ponunt
611 2059 673 2104 sua
690 2059 833 2124 corpora
849 2031 995 2125 phocae.
1108 2069 1160 2126 300

107 2147 273 2211 mirantur
288 2146 352 2212 sub
369 2166 458 2232 aqua
475 2147 571 2211 lucos
588 2147 757 2233 urbesque
773 2145 962 2232 domosque

107 2253 297 2328 Nereides3
323 2252 495 2339 silvasque
510 2264 626 2318 tenent
642 2252 835 2338 delphines
854 2264 888 2317 et
903 2253 980 2319 altis

107 2360 282 2425 incursant
297 2359 414 2434 ramis,
434 2358 629 2447 agitataque
646 2359 769 2424 robora
786 2359 932 2444 pulsant.

107 2478 166 2530 nat
182 2467 283 2550 lupus
299 2466 387 2530 inter
403 2487 497 2542 oves,
516 2466 627 2531 fulvos
644 2466 737 2530 vehit
753 2467 845 2532 unda
862 2467 992 2543 leones,

106 2574 200 2637 unda
216 2573 309 2636 vehit
324 2573 450 2658 tigres3
477 2592 541 2636 nec
556 2572 646 2636 vires
662 2572 815 2638 fulminis
832 2594 928 2658 apro,
1033 2590 1036 2596 ’
1108 2601 1160 2659 305

107 2699 208 2744 crura
224 2699 289 2743 nec
305 2678 418 2742 ablato
434 2689 575 2763 prosunt
590 2679 723 2744 velocia
740 2701 856 2746 cervo.

107 2784 337 2872 quaesitisque
354 2785 411 2850 diu
429 2785 539 2860 terris,
558 2785 615 2851 ubi
632 2785 751 2852 sistere
767 2786 878 2861 detur,

108 2893 142 2957 in
160 2912 254 2956 mare
271 2892 404 2956 lassatis
420 2891 569 2957 volucris
585 2913 677 2981 vaga
694 2893 820 2959 decidit
835 2893 911 2958 alis.

107 2999 267 3063 obruerat
282 2998 430 3064 tumulos
446 2998 615 3064 immensa
632 3000 769 3065 licentia
786 2999 894 3084 ponti,

108 3105 356 3192 pulsabantque
371 3104 450 3170 novi
469 3118 631 3171 montana
647 3106 828 3171 cacumina
842 3105 977 3171 fluctus.
1108 3135 1162 3190 3¹0

109 3211 258 3276 maxima
276 3233 355 3296 pars
372 3212 464 3278 unda
481 3213 632 3298 rapitur;
656 3213 781 3306 quibus
798 3213 891 3279 unda
908 3211 1074 3299 pepercit,

107 3317 183 3382 illos
201 3317 305 3405 longa
322 3318 465 3384 domant
480 3319 574 3404 inopi
587 3319 720 3407 jejunia
737 3319 841 3384 victu.
948 3348 951 3352 ·

153 3422 299 3508 Separat
314 3423 448 3491 Aonios
464 3426 604 3491 Oetaeis
620 3426 745 3490 Phocis
763 3427 807 3491 ab
822 3426 925 3501 arvis,

48 3600 51 3608 ,
107 3541 196 3596 terra
214 3529 323 3606 ferax,
343 3532 423 3597 dum
442 3542 531 3597 terra
548 3532 629 3596 fuit:
656 3534 716 3597 sed
733 3544 886 3617 tempore
903 3532 938 3596 in
954 3531 1013 3597 illo

108 3658 188 3725 pars
206 3639 310 3704 maris
327 3650 360 3704 et
375 3640 463 3704 latus
480 3638 668 3703 subitarum
686 3659 831 3723 campus
848 3659 1025 3725 aquarum.
1106 3666 1157 3723 315

109 3768 206 3811 mons
222 3745 269 3810 ibi
285 3745 467 3811 verticibus
484 3744 565 3829 petit
582 3746 708 3809 arduus
725 3757 815 3809 astra
831 3745 976 3818 duobus,
1066 3765 1068 3768 ’

109 3854 246 3920 nomine
263 3852 449 3926 ParnasuS,
467 3860 697 3938 superantque
714 3852 895 3917 cacumina
910 3850 1030 3916 nubes.
