2476 4148
90 164 235 237 1.1,58.]
417 145 591 234 Penelope
614 153 648 210 to
679 143 827 231 Ulysses.

88 341 248 431 Argolici
266 343 398 430 rediere
415 343 541 409 duces:
567 341 688 407 altaria
704 341 857 413 fumant3

135 450 278 515 Ponitur
296 451 339 515 ad
356 451 483 536 patrios
500 451 647 514 barbara
664 450 793 533 praeda
811 448 914 521 deos3

90 557 199 622 Grata
216 557 329 621 ferunt
345 559 520 643 nymphae
537 578 599 641 pro
616 556 720 619 salvis
737 555 827 619 dona
845 553 994 626 maritis3

135 663 189 726 Illi
206 664 296 728 victa
313 665 383 728 suis
400 664 529 726 Troica
543 663 613 726 suta
630 671 770 725 canunt.

90 768 262 856 Mirantur
273 769 423 857 justique
441 790 541 833 senes
556 767 777 852 trepidaeque
794 766 952 852 puellae:

135 874 316 939 Narrantis
334 875 485 962 conjunx
502 875 628 958 pendet
645 874 688 936 ab
703 893 763 937 ore
779 872 855 936 viri.
1111 903 1145 956 30

89 978 204 1067 Atque
217 982 346 1068 *aliquis
363 982 472 1067 posita
490 990 656 1045 monstrat
671 979 743 1043 sera
759 978 891 1060 proelia
907 998 1040 1053 mensa,
1138 1051 1141 1056 ¹

136 1086 254 1175 Pingit
271 1099 304 1153 et
321 1090 448 1174 exiguo
465 1087 639 1174 Pergama
655 1097 725 1150 tota
742 1107 857 1150 meror

92 1201 101 1233 ‘
117 1193 195 1258 Hac
211 1195 281 1259 ibat
297 1194 440 1270 SimoiS,
459 1196 526 1259 hac
542 1204 593 1258 est
609 1192 730 1279 Sigeia
745 1191 860 1267 tellus,

138 1299 206 1364 Hic
222 1311 358 1365 steterat
375 1297 504 1365 Priami
521 1299 619 1386 regia
635 1299 727 1363 celsa
745 1298 857 1373 senis3

91 1403 168 1469 Illic
182 1405 368 1482 Aeacides,
387 1406 459 1471 illic
476 1406 638 1470 tendebat
653 1404 797 1478 Ulixes3

138 1511 206 1575 Hic
223 1513 337 1577 alacer
355 1513 476 1579 missos
492 1511 611 1576 terruit
629 1511 758 1574 Hector
775 1510 906 1596 equos.’

92 1617 216 1682 Omnia
234 1640 382 1704 namque
398 1629 456 1683 tuo
473 1617 599 1692 senior,
617 1627 650 1681 te
667 1603 832 1702 quaerere
849 1615 967 1693 miss0,

136 1723 314 1788 Retulerat
330 1736 435 1811 gnato
452 1724 591 1800 Nestor,
612 1723 718 1788 atille
736 1722 833 1786 mihi.
986 1789 990 1798 ,

91 1812 221 1893 Retulit
237 1842 269 1894 et
285 1830 374 1896 serro
391 1830 618 1917 Rhesumque
636 1829 840 1915 Dolonaque
858 1851 991 1907 caesos

135 1935 248 2022 thue
265 1937 306 2001 sit
323 1938 379 2006 hic
395 1960 515 2003 somno
531 1939 698 2024 proditus,
717 1936 774 2000 ille
791 1937 884 2011 dolo·
1108 1966 1145 2020 40

89 2040 207 2107 Ausus
223 2065 273 2117 es,
292 2043 323 2108 O
340 2045 482 2111 nimium
500 2045 711 2130 nimiumque
728 2044 830 2109 oblite
846 2054 996 2121 tuorum,

134 2148 285 2214 Thracia
302 2163 467 2216 nocturno
484 2162 627 2237 tangere
645 2161 756 2214 castra
774 2150 866 2225 dolo,

90 2250 224 2341 Totque
242 2256 341 2320 simul
360 2268 508 2322 mactare
526 2260 630 2332 virost
649 2257 784 2344 adjutus
802 2257 846 2322 ab
862 2255 953 2321 unol

135 2360 284 2428 Athene
302 2374 421 2428 cautus
438 2384 514 2428 eras
532 2373 565 2427 et
582 2384 713 2428 memor
731 2373 808 2427 ante
826 2359 916 2427 mei?

90 2467 209 2555 Usque
227 2483 317 2535 metu
335 2471 484 2536 micuere
501 2472 608 2547 sinus
627 2472 709 2538 dum
726 2471 833 2537 victor
850 2471 1001 2538 amicum
1107 2503 1142 2560 45

135 2576 255 2642 Dictus
273 2600 309 2643 es
326 2578 478 2649 Ismariis
494 2578 561 2644 isse
578 2600 639 2664 per
656 2599 783 2667 agmen
800 2579 909 2665 equis.

91 2680 161 2746 Sed
179 2684 260 2748 mihi
276 2685 357 2771 quid
374 2687 512 2771 prodest
527 2686 647 2752 vestris
666 2687 808 2775 disjecta
824 2685 961 2753 lacertis

135 2789 215 2854 Ilios
232 2803 264 2855 et
281 2814 396 2857 murus
412 2794 503 2879 quod
521 2795 595 2870 fuit,
614 2817 689 2861 esse
707 2797 832 2872 solum,

92 2893 129 2957 Si
148 2917 269 2959 maneo
286 2898 396 2980 qualis
412 2899 517 2985 Troja
536 2902 678 2968 durante
696 2905 891 2980 manebam,
965 2958 966 2962 ,

134 2999 264 3083 Virque
282 3002 363 3063 mihi
380 3003 518 3087 dempto
535 3007 603 3072 fine
621 3010 790 3074 carendus
808 3007 926 3074 abest?
1109 3038 1143 3094 50

91 3103 211 3166 Diruta
228 3116 306 3167 sunt
322 3106 408 3183 aliis,
428 3110 487 3172 uni
505 3112 588 3175 mihi
607 3113 778 3200 Pergama
796 3125 936 3191 restant,

136 3207 252 3273 Incola
270 3213 403 3296 captivo
420 3239 508 3302 quae
525 3221 613 3284 bove
630 3220 737 3285 victor
752 3232 838 3297 arat.

84 3314 162 3401 Jam
181 3339 281 3404 seges
297 3331 359 3396 est,
378 3324 436 3387 ubi
454 3325 560 3413 Troja
579 3326 653 3401 fuit,
672 3327 928 3412 resecandaque
945 3327 1034 3392 falce

133 3422 301 3490 Luxuriat
319 3429 472 3520 Phrygio
490 3434 659 3519 sanguine
676 3433 814 3519 pinguis
834 3435 978 3509 humus3

88 3527 318 3617 Semisepulta
336 3538 446 3601 virum
464 3540 576 3603 curvis
594 3538 759 3603 feriuntur
776 3539 896 3604 aratris
1104 3571 1140 3628 55¹

132 3637 242 3713 Ossa3
268 3644 424 3708 ruinosas
441 3645 566 3710 occulit
583 3645 689 3708 herba
706 3645 837 3709 domos·

85 3741 205 3810 Victor
222 3751 325 3814 abes:
351 3771 415 3814 nec
432 3750 518 3814 scire
537 3750 635 3826 mihi,
653 3771 741 3836 quae
759 3771 864 3817 causa
881 3753 1051 3828 morandi,

130 3853 202 3920 Aut
218 3856 253 3920 in
270 3878 337 3942 quo
354 3857 462 3921 lateas
478 3857 610 3922 ferreus
626 3858 721 3934 orbe,
739 3857 830 3923 licet.
