2476 4148
107 157 150 212 11.
165 156 242 229 310‘‚]
314 136 461 226 Appeal
480 140 528 226 of
539 141 597 206 ‘tte
617 138 737 207 Eartlz
754 121 793 205 ⁴to
822 137 980 229 Jupiter.
1112 153 1154 228 27

103 357 209 424 quam
226 337 312 402 solet
328 356 415 412 esse,
434 335 509 413 fuit,
528 358 694 424 sacraque
710 337 756 402 ita
772 357 858 402 voce
873 336 987 402 locuta
1004 348 1074 404 est:

150 441 212 507 ‘Si
240 443 362 528 placet
392 443 470 519 hoc,
505 443 695 530 meruique,
728 443 811 531 quid
849 442 882 508 Ο
920 454 979 508 tua
1009 444 1153 510 fulmina

239 558 388 624 cessant,

102 675 236 721 summe
252 653 377 719 deum?
402 654 504 720 liceat
520 654 690 742 periturae
706 655 835 720 viribus
850 654 941 743 ignis
1101 677 1153 731 280

100 760 184 848 igne
200 759 312 845 perire
327 770 397 836 tuo,
416 760 619 847 clademque
636 773 773 826 auctore
790 760 917 826 levare.

99 867 159 932 vix
175 866 335 954 equidem
351 866 469 932 fauces
486 869 574 961 haec
589 867 664 953 ipsa
680 868 715 933 in
731 868 837 942 verba
853 868 1062 934 resolvo’-
1110 879 1113 884 '

100 983 271 1058 presserat
286 992 346 1038 ora
362 993 470 1058 vapor
480 983 546 1023 —‘
561 984 665 1040 tostos
682 995 725 1039 en
743 973 858 1058 aspice
868 974 999 1053 crines,

99 1078 203 1166 inque
219 1077 327 1144 oculis
342 1088 487 1156 tantum,
505 1089 636 1145 tantum
652 1100 757 1165 super
771 1099 832 1144 ora
847 1078 998 1146 favillae.

99 1185 208 1251 hosne
224 1185 308 1250 mihi
324 1185 466 1262 fructus,
485 1187 577 1252 hunc
593 1185 772 1251 fertilitatis
789 1186 955 1252 honorem
1098 1207 1148 1275 285

97 1291 404 1378 officiique'refers,
421 1294 514 1379 quod
530 1292 655 1358 adunci
672 1293 815 1357 vulnera
834 1292 936 1357 aratri

98 1407 352 1485 rastrorumque
367 1398 452 1474 fero,
471 1408 608 1486 totoque
625 1419 789 1464 exerceor
806 1419 911 1475 ann0‚

96 1503 191 1590 quod
206 1502 320 1588 pecori
337 1502 475 1569 frondes
493 1504 721 1591 alimentaque
738 1502 833 1568 mitia
861 1495 982 1592 'fruges

97 1609 250 1674 humano
266 1609 399 1697 generi,
417 1609 513 1676 vobis
525 1616 664 1698 'quoque
681 1621 757 1675 tura
774 1609 960 1696 ministro?

88 1715 159 1793 'sed
174 1726 290 1780 tamen
306 1716 447 1781 exitium
464 1717 519 1782 fac
534 1738 590 1781 me
607 1716 786 1792 meruisse,
803 1716 886 1803 quid
902 1716 1037 1794 undae3
1095 1751 1147 1808 290

95 1821 179 1908 quid
196 1821 319 1887 meruit
334 1821 460 1887 frater?
484 1842 544 1887 cur
560 1822 609 1887 illi
625 1823 748 1888 tradita
765 1835 853 1888 sorte
878 1824 882 1833 ’

96 1948 248 2014 aequora
264 1928 467 1993 decrescunt
482 1939 515 1994 et
532 1929 575 1994 ab
592 1930 729 1994 aethere
747 1929 884 2017 longius
901 1928 1045 1995 absunt?

94 2034 188 2122 quod
204 2034 233 2100 si
249 2055 314 2100 nec
331 2034 457 2110 fratris,
476 2056 543 2100 nec·
556 2046 590 2100 te
607 2057 684 2101 mea
702 2036 813 2124 gratia
828 2036 952 2123 tangit,

95 2154 130 2208 at
145 2140 234 2207 caeli
251 2141 412 2207 miserere
427 2139 496 2206 tuit
523 2141 746 2228 circumspice
763 2154 964 2229 utrumque:

93 2249 204 2316 fumat
218 2259 360 2336 uterque
376 2249 496 2336 polus;
521 2271 607 2337 quos
624 2250 652 2316 si
669 2249 836 2315 vitiaverit
852 2250 956 2340 ignis,
1094 2282 1144 2341 295

94 2356 181 2422 atria
196 2365 309 2423 vestra
325 2366 435 2423 ruent.
483 2355 583 2422 Atlas
600 2378 643 2422 en
660 2356 733 2443 ipse
750 2357 894 2434 laborat,

92 2464 221 2553 vixque
237 2464 307 2532 suis
324 2464 474 2530 humeris
490 2466 693 2531 candentem
708 2465 853 2531 sustinet
870 2486 984 2532 axem.

93 2571 123 2637 si
139 2571 238 2646 freta,
256 2573 285 2638 si
302 2582 412 2638 terrae
430 2582 586 2659 pereunt,
605 2572 633 2639 si
649 2573 746 2661 regia
763 2572 864 2649 caeli,

92 2678 129 2743 in
145 2680 252 2746 chaos
268 2680 444 2768 antiquum
463 2681 716 2748 confundimur.
764 2680 868 2766 Eripe
883 2679 1045 2757 flammis,

93 2785 205 2874 siquid
222 2789 338 2855 adhuc
353 2800 520 2874 superest,
538 2800 572 2853 et
586 2810 700 2854 rerum
718 2789 857 2853 consule
874 2787 1054 2853 summae?
1091 2819 1142 2872 300

139 2894 284 2961 Dixerat
300 2896 387 2960 haec
403 2895 544 2962 Tellus:
569 2910 681 2983 n'eque
698 2895 788 2960 enim
805 2896 951 2960 tolerare
967 2915 1130 2980 vaporem

92 3000 233 3066 ulterius
249 3002 369 3088 potuit,
388 3024 452 3067 nec
468 3002 581 3068 dicere
598 3004 717 3087 plura3
743 3021 911 3087 suumque

92 3107 218 3202 rettulit
233 3130 272 3173 os
287 3107 323 3172 in
340 3129 377 3173 se
393 3108 621 3194 propioraque
638 3107 802 3173 Manibus
820 3118 929 3171 antra.

136 3211 185 3278 At
201 3224 297 3298 pater
312 3215 539 3300 omnipotens,
557 3236 700 3299 superos
716 3224 856 3279 testatus
873 3224 906 3278 et
922 3213 1033 3298 ipsum

91 3319 149 3405 qui
166 3319 308 3386 dederat
323 3341 455 3395 currus,
474 3320 538 3386 nisi
555 3342 655 3406 opem
674 3320 772 3395 ferat,
790 3319 905 3385 omnia
921 3320 990 3385 fato
1088 3349 1139 3408 305

91 3425 266 3491 interitura
282 3426 393 3514 gravi,
411 3449 580 3492 summam
597 3427 680 3511 petit
696 3427 822 3492 arduus
840 3447 967 3504 arcem,

90 3532 183 3596 unde
200 3532 285 3597 solet
301 3531 377 3597 latis
394 3533 502 3597 nubes
518 3532 681 3598 inducere
697 3532 817 3608 terris,¹

90 3638 182 3702 unde
201 3649 312 3703 movet
327 3637 482 3713 tonitrus,
499 3639 698 3725 vibrataque
716 3639 858 3704 fulmina
872 3639 989 3727 jactat.

90 3744 151 3808 sed
169 3757 292 3829 neque,
311 3765 396 3831 quas
413 3754 527 3828 posset
541 3744 639 3809 terris
656 3745 831 3819 inducere,
851 3746 958 3811 nubes

89 3858 171 3914 tunc
188 3849 318 3928 habuit,
337 3869 401 3920 nec
417 3871 502 3937 quos
520 3852 616 3917 caelo
633 3850 827 3927 dimitteret,
846 3850 984 3917 imbres.
1087 3882 1140 3938 310
