2460 4140
102 139 167 206 180
474 141 625 209 Shorter
644 140 783 207 Poema-
1009 156 1165 228 [Tanna.

98 334 146 400 At
162 337 246 400 mihi
259 338 331 427 jam
349 360 454 423 puero
471 338 632 405 caelestia
648 358 747 402 sacra
765 334 961 420 placebant,

143 441 252 528 Inque
269 467 368 508 suum
385 445 498 510 furtim
516 444 621 508 Musa
637 443 795 507 trahebat
810 462 909 525 opus.
1055 484 1060 493 -
1121 476 1154 515 20
1214 445 1217 451 ’

98 546 213 632 Saepe
230 562 325 633 pater
342 551 428 615 dixit
445 561 453 592 ‘
471 549 629 614 Studium
647 548 728 633 quid
746 547 864 611 inutile
881 547 1052 634 temptas?

143 653 346 719 Maeonides
363 656 476 720 nullas
493 656 565 738 ipse
583 653 718 737 reliquit
735 653 844 737 opes.’

98 758 215 824 Motus
232 781 326 832 eram
343 761 454 835 dictis,
472 772 609 845 totoque
628 758 798 824 Helicone
817 760 935 828 relicto

142 864 302 931 Scribere
319 867 469 932 conabar
484 867 589 929 verba
606 865 715 930 soluta
734 866 858 932 modis.

97 969 228 1054 Sponte
244 992 308 1036 sua
319 990 464 1036 'carmen
480 992 641 1035 numeros
658 972 819 1038 veniebat
836 974 881 1038 ad
898 983 1011 1059 aptos,
1119 1004 1152 1062 25

141 1071 186 1135 Et
201 1073 292 1158 quod
309 1074 516 1156 temptabam
534 1072 661 1147 dicere,
682 1095 802 1140 versus
819 1086 903 1142 erat.

98 1177 233 1243 Interea
248 1178 349 1244 tacito
366 1199 470 1262 passu
487 1178 679 1245 labentibus
698 1182 799 1248 annis

142 1282 300 1348 Liberior
316 1283 409 1345 fratri
427 1295 561 1367 sumpta
580 1286 731 1372 mihique
750 1298 830 1374 toga
848 1271 913 1363 est,
1001 1356 1003 1360 Α

98 1390 321 1474 Induiturque
337 1389 488 1461 humeris
505 1411 583 1455 cum
601 1393 671 1457 lato
686 1415 836 1477 purpura
854 1396 965 1471 clavo,
982 1382 985 1387 ⁵
1035 1432 1038 1436 ·

141 1496 186 1561 Et
202 1496 350 1560 studium
367 1494 465 1561 nobis
482 1497 573 1581 quod
590 1497 652 1562 suit
668 1507 757 1574 ante,
777 1512 902 1565 manet.
1116 1533 1151 1588 30

92 1603 241 1691 Jamque
258 1604 377 1669 decem
395 1602 485 1666 vitae
502 1603 605 1667 frater
623 1606 859 1692 geminaverat
876 1628 995 1685 annoS,

141 1709 231 1775 Cum
250 1708 347 1793 perit,
367 1718 400 1772 et
417 1710 513 1793 coepi
530 1722 626 1795 parte
644 1732 761 1775 carere
779 1713 857 1776 mei.

98 1815 263 1901 Cepimus
280 1827 313 1882 et
329 1827 466 1882 tenerae
483 1816 610 1900 primos
628 1818 746 1882 aetatis
764 1820 924 1895 honores,
943 1835 944 1838 ’
1003 1854 1016 1886 ·.

143 1924 265 2009 Deque
282 1922 363 1987 viris
380 1923 551 2009 quondam
571 1945 649 2007 pars
666 1925 771 1988 tribus
787 1946 856 1988 una
873 1926 933 1989 fui.

98 2029 205 2098 Curia
221 2031 371 2095 restabat
381 2051 394 2103 ;·
416 2030 505 2094 clavi
523 2051 682 2100 mensura
699 2042 817 2096 coacta
832 2042 905 2096 est:
1107 2066 1149 2123 ‚35

143 2136 260 2224 Majus
277 2147 350 2201 erat
365 2136 486 2203 nostris
502 2135 630 2201 viribus
646 2137 730 2201 illud
747 2159 845 2202 onus.

98 2242 176 2308 Nec
192 2243 479 2328 patienscorpuS,
497 2264 564 2308 nec
580 2264 675 2307 mens
692 2243 754 2307 suit
772 2255 850 2329 apta
866 2243 989 2320 labori,

147 2350 387 2435 Sollicitaeque
404 2349 514 2436 fugax
530 2348 721 2413 ambitionis
739 2370 845 2414 eram.

99 2456 143 2523 Et
159 2469 275 2541 petere
290 2456 426 2523 Aoniae
444 2456 633 2520 suadebant
648 2466 719 2519 tuta
735 2476 869 2522 sorores

144 2562 238 2638 Otia,
252 2563 382 2650 judicio
393 2583 535 2646 semper
551 2572 664 2625 amata
682 2583 768 2626 men.

98 2669 281 2755 Temporis
298 2670 390 2735 illius
406 2668 495 2741 colui
512 2666 647 2753 fovique
664 2673 795 2754 poetas,

145 2778 308 2865 Qiotque
325 2778 468 2842 aderant
483 2785 590 2848 vates
609 2768 708 2837 rebar
725 2774 846 2840 adesse
862 2775 959 2843 deos.
1002 2833 1006 2840 .

99 2883 214 2970 Saepe
231 2905 313 2951 suas
331 2881 491 2948 Volucres
500 2880 586 2968 legit
602 2879 685 2944 mihi
703 2881 866 2966 grandior
881 2875 980 2959 aevo,
1056 2940 1058 2945 ,

145 2991 315 3079 Quaeque
331 3002 431 3055 necet
446 3009 601 3073 serpens,
620 3007 709 3073 quae
723 2986 819 3074 juvet
836 2988 955 3065 herba,
974 2986 1108 3056 Macer.

99 3095 214 3185 Saepe
231 3121 310 3164 suos
327 3097 444 3179 solitus
460 3097 603 3162 recitare
620 3093 815 3179 Propertius
832 3094 945 3181 ignea,
1030 3095 1034 3103 '
1113 3125 1148 3185 45

140 3207 223 3292 Jure
240 3204 404 3271 sodalicio
420 3203 477 3291 qui
496 3203 578 3268 mihi
591 3201 728 3288 junctus
748 3212 831 3265 erat.

100 3311 263 3377 Ponticus
279 3313 397 3385 heroli,
415 3309 544 3374 Bassus
561 3331 695 3396 quoque
715 3310 829 3375 clarus
846 3307 969 3376 iambis

145 3419 271 3483 Dulcia
288 3417 462 3481 convictus
479 3417 632 3478 membra
650 3416 744 3481 suere
763 3418 841 3484 mei.

100 3525 144 3591 Et
159 3525 265 3589 tenuit
281 3534 413 3588 nostras
429 3543 631 3586 numerosus
651 3521 813 3588 Horatius
829 3546 942 3602 auree,

145 3632 236 3696 Dum
254 3629 330 3694 serit
345 3627 501 3691 Ausonia
518 3627 671 3691 carmina
689 3629 778 3693 culta
795 3630 883 3717 lyra.
1116 3663 1150 3718 50
1181 3650 1185 3655 ·

98 3737 284 3826 Virgilium
300 3734 370 3799 vidi
386 3743 516 3797 tantum
529 3753 544 3806 3-
563 3753 627 3796 nec
643 3753 761 3798 amara
776 3736 918 3804 Tibullo

143 3844 299 3929 Tempus
316 3838 485 3904 amicitiae
502 3837 570 3900 sata
587 3838 712 3904 dedere
729 3862 841 3908 meae.
858 3854 877 3921 ',
