2476 4148
108 132 173 200 160
433 119 437 122 ’
483 130 633 198 Sherter
655 131 790 197 Poems.
954 196 964 211 ,
1044 142 1162 217 [ΡΑετι.

105 331 198 398 Urbs
215 328 374 416 oritur-
385 329 462 415 quis
477 340 558 394 tunc
576 330 641 392 hoc
656 327 717 391 ulli
733 329 874 394 credere
891 323 1027 413 posset?
1038 361 1085 377 -··

149 438 323 503 Victorem
341 436 438 500 terris
455 435 654 519 impositura
671 435 806 518 pedem.

42 599 43 602 ,
105 543 239 610 Cuncta
256 563 371 632 regas,
391 551 423 606 et
440 541 485 605 sis
504 561 632 626 magno
649 539 711 604 sub
728 539 880 605 Caesare
898 558 1056 624 semperr

150 651 264 735 Saepe
281 650 383 714 etiarn
400 647 507 732 pluris
524 645 672 710 nominis
689 645 790 733 hujus
807 646 917 719 habe;
1111 659 1165 714 860

105 756 149 822 Et
165 757 321 842 quotiens
337 755 469 820 steteris
485 753 613 839 domito
631 752 785 817 sublimis
801 751 837 816 in
853 752 949 828 orbe,

150 862 277 961 pmnia
293 862 359 927 sint
376 860 528 927 humeris
545 859 706 924 inferiora
722 857 800 924 tuis.

271 1182 458 1249 2.'Ii'r‘tual
477 1190 511 1246 to
535 1190 636 1246 avert
658 1179 787 1268 Buglu
812 1179 931 1270 (April
956 1179 1034 1269 25).

164 1393 231 1457 EX
246 1393 318 1469 ubi,
335 1414 423 1480 quae
440 1404 579 1469 restant,
599 1395 694 1463 luces
710 1391 841 1478 Aprilis
858 1391 1010 1468 habebit,

210 1501 250 1565 ln
268 1501 380 1564 medio
397 1521 499 1565 cursu
517 1511 671 1585 tempora
688 1500 778 1564 veris
795 1511 906 1573 erun-t,

106 1605 150 1671 Et
166 1606 289 1671 frustra
306 1607 472 1692 pecudem
490 1627 635 1692 quaeres
650 1605 917 1697 Athamantidos
936 1604 1070 1681 Helles,
1159 1593 1162 1599 ³

152 1712 329 1799 Signaque
347 1714 428 1776 dant
443 1713 582 1788 imbres
602 1713 820 1798 exoriturque
839 1711 958 1777 Canis.
1016 1768 1018 1772 ,

107 1817 186 1882 Hac
203 1819 285 1883 mihi
302 1818 474 1884 Nomento
490 1819 640 1885 Romam
657 1840 735 1884 cum
753 1821 830 1884 luce
846 1819 1006 1895 redirem,
1110 1850 1164 1909 903

151 1925 286 1990 Obstitit
301 1924 336 1988 in
353 1926 466 1989 media
483 1926 630 1995 candida
646 1927 747 1991 turba
764 1926 842 2002 via3

107 2031 251 2095 Flamen
268 2030 303 2094 in
320 2032 478 2118 antiquae
495 2033 610 2097 lucum
627 2032 812 2121 Robiginis
828 2033 911 2111 ibat,

152 2137 241 2201 Exta
258 2138 352 2202 canis
369 2137 527 2212 fiammis,
546 2149 624 2203 exta
641 2138 782 2205 daturus
799 2140 883 2206 ovis.

106 2243 263 2309 Protinus
281 2245 422 2318 accessi,
441 2245 522 2310 ritus
539 2266 582 2311 ne
598 2246 735 2315 nescius
751 2268 861 2312 essem
875 2268 884 2321 3

151 2350 267 2416 Edidit
283 2353 369 2416 haec
385 2352 530 2419 Flamen
546 2353 663 2426 verba,
685 2351 844 2435 Quirine,
862 2363 962 2419 tuus:
1114 2385 1168 2440 910

106 2456 247 2544 Aspera
262 2440 413 2544 Robigo,
421 2464 554 2544 parcas
577 2457 772 2524 Cerialibus
788 2460 916 2536 herber,

150 2553 202 2628 Er
218 2572 344 2630 tremat
361 2567 396 2628 iu
413 2586 544 2628 summa
561 2565 635 2631 leve
650 2587 811 2633 cacumen
829 2567 944 2633 burno.

114 2670 166 2757 Iu
182 2678 259 2734 sata
274 2671 444 2735 sceleribus
461 2672 550 2736 caeli
563 2673 699 2737 nutrita
716 2674 860 2738 secundi

158 2777 333 2852 Crescere,
351 2778 697 2863 durnfiautsalcr'bus
714 2787 813 2868 apta,
825 2767 941 2853 ‘sceau

27 2902 36 2919 ‘
119 2883 175 2948 Vr's
192 2892 252 2947 tua
270 2906 336 2950 uere
354 2885 438 2948 leurs
456 2893 523 2948 est:
550 2906 639 2969 quae
656 2895 693 2951 tu
706 2891 890 2967 frumenta
906 2888 1047 2966 notasti,
1115 2918 1169 2977 913

150 2989 308 3054 Maestus
325 2992 360 3053 r'u
378 2992 509 3054 amissis
527 2992 590 3055 illa
608 2993 745 3058 colonus
762 2983 874 3060 habet.

106 3095 185 3162 Nec
200 3098 443 3163 ventilantem
467 3096 593 3163 Cereri
607 3122 765 3178 nocuere,
786 3123 848 3166 uec
864 3103 1002 3178 rueres,

151 3201 230 3268 Nee
244 3204 293 3267 se'c
308 3225 501 3268 marmoreo
521 3207 636 3291 pallet
653 3207 776 3273 adusta
787 3208 885 3293 gelu,
916 3248 919 3255 ·

87 3308 301 3392 Quartum,
320 3312 354 3374 sr'
366 3311 493 3375 culmos
519 3311 622 3376 Titan
642 3313 823 3395 incalfacit
839 3314 942 3378 udos:

159 3415 254 3480 Trrue
270 3415 361 3480 loeus
378 3426 426 3482 est
443 3419 532 3494 r'rae,
551 3418 634 3482 drea
652 3419 816 3495 tz'rueuda,
835 3427 926 3485 tuae.
1113 3454 1166 3510 9²0

106 3521 233 3597 Parce,
245 3529 388 3606 precor,
407 3524 616 3608 scabrasque
632 3545 792 3587 merresa
808 3527 968 3590 messrdus
984 3529 1103 3610 aufer,
1150 3561 1153 3568 ·

151 3626 253 3692 Neve
270 3649 352 3692 uoce
370 3630 489 3694 cultis:
509 3635 612 3715 posse
628 3651 750 3695 uocare
765 3639 820 3695 sat
835 3640 894 3695 est.

106 3729 185 3798 Nec
201 3739 338 3796 teneras
355 3741 494 3818 segetes,
513 3732 575 3795 sed
588 3732 715 3796 durum
731 3734 937 3821 amplectere
944 3737 1104 3817 serrum,

150 3837 324 3928 ‚Quodque
334 3845 449 3927 petest
465 3839 552 3902 altos
562 3839 728 3927 perdere,
740 3841 854 3928 perde
862 3843 983 3928 prior.
