2476 4148
90 125 233 196 IV.163.]
342 117 461 184 Dcoth
485 119 624 203 asboth
647 117 703 183 the
725 96 872 184 Loaers.
936 203 939 209 .
1092 136 1135 202 41

85 324 283 402 quantaque
298 313 411 379 vitarit
426 335 566 380 narrare
582 312 735 401 pericula
752 314 867 401 gestit.
1089 342 1139 396 130

83 432 190 507 utque
206 421 335 494 locum,
354 431 386 484 et
400 421 473 484 visa
491 421 667 507 cognoscit
683 421 718 483 in
735 421 855 484 arbore
872 420 1030 492 formam,

85 527 136 592 sic
153 527 234 590 facit
250 526 415 590 incertam
432 526 524 609 pomi
541 528 656 590 color:
682 527 813 600 haeret,
832 545 877 588 an
894 527 981 588 haec
997 524 1053 588 sit.
1117 576 1126 583 ,,

86 633 169 697 dum
186 633 327 707 dubitat,
347 633 572 696 tremebunda
588 632 681 696 videt
697 632 833 716 pulsare
851 641 1028 696 cruentum

86 740 241 803 membra
258 740 383 812 solum,
402 746 558 822 retroque
575 738 698 822 pedem
714 736 802 810 tulit,
821 757 948 820 oraque
964 736 1058 799 buxo

86 845 268 930 pallidiora
285 865 424 930 gerenS,
444 843 619 908 exhorruit
636 842 792 927 aequoris
810 841 928 914 instar,
1088 869 1136 927 135

85 951 179 1036 quod
194 949 319 1025 tremit,
338 949 465 1034 exigua
482 969 561 1012 cum
579 969 750 1012 summum
768 947 944 1034 stringitur
961 966 1057 1010 aura.

133 1056 203 1122 Sed
221 1066 400 1141 postquam
418 1064 588 1119 remorata
605 1075 685 1118 suos
702 1053 863 1140 cognovit
879 1073 1026 1128 amoreS,

87 1163 231 1248 percutit
246 1161 407 1248 indignos
423 1160 518 1224 claro
535 1159 702 1245 plangore
718 1160 877 1234 lacertos,

85 1279 120 1333 et
135 1270 262 1333 laniata
278 1288 407 1342 comas,
427 1268 654 1352 amplexaque
673 1286 795 1352 corpus
813 1279 976 1342 amatum,

84 1374 229 1440 vulnera
245 1374 417 1459 supplevit
432 1373 596 1448 lacrimis,
614 1372 800 1459 fletumque
819 1373 929 1438 cruori
1087 1403 1136 1455 140

84 1480 233 1555 miscuit,
251 1490 285 1544 et
301 1479 425 1566 gelidis
442 1479 641 1546 invultibus
658 1479 776 1543 oscula
793 1480 915 1567 figens,

84 1585 259 1672 ‘Pyrame
271 1583 299 1672 l'
316 1584 477 1650 clamavit
494 1585 592 1671 ‘quis
609 1594 641 1649 te
659 1584 741 1647 mihi
759 1604 860 1650 casus
877 1582 1025 1650 ademit?
1083 1603 1084 1607 ’

65 1690 247 1778 ‘Pyrame,
266 1692 456 1777 responde:
482 1701 589 1755 tuate
607 1691 783 1756 carissima
800 1692 933 1756 Thisbe

82 1798 258 1864 nominat:
283 1797 422 1874 exaudi,
441 1798 622 1883 vultusque
639 1799 752 1863 attolle
765 1798 919 1886 jacentes
933 1796 961 1862 1’

128 1903 187 1970 Ad
204 1926 329 1968 nornen
345 1903 496 1968 Thisbes
512 1905 630 1969 oculos
643 1904 715 1990 jam
734 1916 840 1969 morte
857 1915 1018 1991 gravatos
1086 1935 1133 1991 145

82 2010 255 2097 Pyramus
271 2010 391 2085 erexit,
411 2010 553 2095 visaque
570 2011 761 2075 recondidit
776 2010 856 2086 illa3

82 2138 173 2204 quae
190 2127 371 2204 postquam
388 2126 588 2201 vestemque
605 2137 701 2180 suam
720 2117 894 2203 cognovit,
913 2127 945 2181 et
961 2137 1049 2198 ense

82 2224 167 2290 vidit
183 2225 267 2288 ebur
282 2244 445 2297 vacuum,
464 2223 567 2286 ‘Tua
583 2232 616 2286 te
632 2223 774 2286 manus’
790 2222 898 2308 inquit
911 2223 924 2262 '‘
939 2243 1107 2308 amorque,

82 2329 243 2416 perdidit,
262 2329 394 2393 infelix.
444 2328 506 2394 Est
522 2339 555 2393 et
572 2328 654 2392 mihi
670 2328 765 2393 sortis
781 2328 816 2391 in
833 2351 939 2392 unum
1134 2330 1136 2333 ’

83 2439 150 2502 hoc
166 2435 302 2512 manus,
321 2446 421 2501 estet
437 2457 554 2510 am0r3
579 2435 672 2500 dabit
687 2435 743 2500 hic
759 2435 794 2499 in
809 2435 952 2501 vulnera
968 2435 1092 2500 vires..

82 2565 271 2631 persequar
288 2542 508 2618 exstinctum,
525 2542 651 2627 letique
669 2542 860 2606 miserrima
877 2543 972 2606 dicar

83 2671 188 2715 causa
206 2670 388 2735 comesque
405 2648 474 2724 tui;
499 2648 625 2734 quique
642 2669 662 2712 a
680 2670 734 2713 me
752 2660 858 2714 morte
875 2649 992 2713 revelli

82 2757 150 2821 heu
161 2742 242 2821 vsola
258 2767 408 2840 poteras,
426 2755 553 2841 poteris
570 2775 636 2819 nec
652 2767 759 2820 morte
775 2737 905 2820 revelli.

82 2865 148 2928 hoc
164 2874 280 2927 tamen
298 2863 476 2927 amborum
492 2861 607 2927 verbis
623 2873 728 2928 estote
745 2863 868 2949 rogati,

81 2969 114 3035 Ο
132 2970 275 3054 multum
294 2968 420 3043 miseri,
439 2990 536 3032 meus
553 2969 711 3054 illiusque
729 2980 901 3053 parentes,
1085 3000 1132 3057 155

81 3087 118 3140 ut
134 3097 220 3162 quos
237 3087 349 3140 certus
367 3095 474 3150 amor,
492 3068 577 3160 quos
595 3076 679 3139 hora
695 3075 880 3138 novissima
892 3075 1017 3162 junxit,

82 3181 242 3267 componi
259 3181 388 3246 tumulo
406 3203 474 3245 non
491 3180 672 3246 invideatis
689 3182 822 3245 eodem.

83 3300 116 3352 at
132 3300 181 3362 tu,
199 3308 288 3373 quae
305 3287 410 3351 ramis
428 3288 528 3352 arbor
545 3287 739 3352 miserabile
757 3309 881 3372 corpus

82 3414 175 3459 nunc
189 3393 278 3479 tegis
294 3393 409 3468 unius,
428 3415 508 3457 mox
526 3414 562 3457 es
579 3404 709 3457 tectura
724 3393 882 3469 duorum,

82 3501 184 3588 signa
200 3510 278 3564 tene
296 3499 425 3574 caedis,
444 3500 623 3584 pullosque
640 3508 673 3563 et
688 3499 834 3563 luctibus
853 3513 948 3585 aptos
1082 3517 1131 3572 160

81 3626 219 3692 semper
236 3606 324 3670 habe
341 3605 441 3678 fetus,
461 3605 590 3692 gemini
607 3615 826 3669 monumenta
843 3606 997 3671 cruoris.’

127 3712 237 3788 Dixit,
256 3722 289 3776 et
306 3720 419 3796 aptato
436 3721 554 3794 pectus
572 3730 735 3774 mucrone
752 3711 815 3774 sub
832 3710 937 3775 imum

65 3817 237 3910 ‘incubuit
252 3817 355 3893 ferro,
373 3816 464 3902 quod
480 3815 594 3880 adhuc
612 3836 632 3879 a
649 3816 754 3881 caede
770 3817 918 3901 tepebat.
