2476 4148
96 173 139 242 u..
161 173 238 257 rou]
328 135 517 237 Peneos
529 152 586 257 tle
614 151 780 240 ‚Caesari
797 153 914 242 lived·
1103 176 1143 246 aa

94 350 216 416 obvius
232 350 282 428 ire
298 350 398 449 polis,
416 371 461 432 ue
477 359 509 415 te
526 349 612 431 citus
629 349 760 435 auferat
776 349 874 420 axis?
999 403 1002 407 «
1060 386 1062 390 ·
1113 382 1145 441 75

94 457 287 551 ,forsitanet
302 458 398 534 lucos
414 456 485 533 illic
501 456 671 542 urbesque
689 456 831 539 deorum
900 453 903 458 ’
1138 446 1140 460 '

95 563 271 653 concipias
288 562 415 642 auimo,
434 563 645 647 delubraque
663 562 744 627 ditia
761 563 861 646 donis

56 693 66 704 ·
94 669 193 735 esse?
217 691 279 754 per
295 668 435 748 insidias
451 669 515 751 iter
530 681 581 749 est
597 668 791 754 formasque
808 669 970 736 ferarum.

93 785 198 863 utque
213 775 306 839 viam
321 785 453 854 teneas,
472 775 635 860 nulloque
649 796 765 839 errore
781 776 940 861 traharis,

39 911 42 916 ·
93 902 155 967 per
170 891 287 961 tamen
305 880 438 961 adversi
455 864 624 968 gradieris
640 900 769 965 cornua
785 881 908 959 Tauri,
1112 903 1147 958 80

94 990 375 1076 Haemoniosque
392 1010 504 1066 arcuS,
522 988 728 1074 violentique
745 1010 804 1073 ora
821 988 964 1075 LeoniS,

93 1083 265 1183 saevaque
283 1095 425 1175 circuitu
442 1105 642 1175 curvantem
658 1094 799 1177 brachia
816 1095 921 1182 longo

93 1202 275 1288 Scorpion,
295 1213 394 1288 atque
412 1201 508 1279 aliter
524 1212 723 1266 curvantem
741 1201 881 1283 brachia
899 1201 1086 1288 Cancrum.

91 1331 158 1377 nec
173 1309 233 1374 tibi
249 1309 492 1395 quadrupedes¹
508 1307 681 1389 animosos
696 1307 835 1394 ignibus
852 1308 932 1385 illis,

91 1437 178 1503 quos
195 1415 230 1480 in
246 1427 382 1501 pectore
400 1398 540 1492 babent,
559 1436 644 1500 quos
660 1435 718 1480 ore
736 1425 769 1478 et
785 1415 925 1480 naribus
941 1417 1070 1494 efflant,
1110 1436 1143 1505 85

91 1522 127 1607 in
144 1532 302 1607 promptu
319 1541 441 1608 regere
458 1530 530 1586 est:
553 1520 611 1584 vix
629 1541 683 1584 me
701 1520 886 1604 patiuntur,
905 1522 962 1586 ubi
980 1543 1076 1589 acres

91 1627 266 1704 incaluere
283 1627 401 1702 animi,
420 1627 604 1712 cervixque
621 1636 792 1713 repugnat
809 1627 964 1693 habenis.

138 1731 211 1798 ‘At
225 1743 275 1808 tu,
292 1733 416 1811 funesti
432 1755 476 1799 ne
493 1733 556 1797 sim
574 1718 633 1797 tibi
651 1732 800 1798 muneris
818 1746 946 1811 auctor,

91 1850 184 1915 nate,
202 1859 299 1914 cave,
317 1839 399 1904 dum
415 1860 538 1925 resque
556 1838 647 1916 sinit,
664 1850 723 1903 tua
743 1839 876 1926 corrige
892 1851 983 1923 vota.

91 1943 222 2011 scilicet
237 1957 273 2026 ut
287 1956 403 2024 nostro
421 1945 624 2034 genitumte
641 1944 810 2031 sanguine
827 1947 961 2033 credas,
1108 1983 1144 2038 90

90 2052 237 2143 pignora
253 2062 345 2117 certa
362 2052 469 2138 petis:
494 2052 538 2132 do
554 2051 699 2139 pignora
718 2063 810 2117 certa
826 2052 991 2131 timendo,

90 2169 123 2224 et
139 2156 248 2244 patrio
263 2168 361 2250 pater
376 2179 453 2223 esse
470 2169 562 2222 metu
579 2159 714 2244 probor.
766 2157 895 2243 Aspice
910 2161 1024 2225 vultus

91 2285 172 2330 ecce
188 2285 304 2329 meos:
329 2248 528 2351 utinamque
545 2263 663 2329 oculos
680 2264 714 2328 in
732 2276 870 2349 pectora
887 2287 1007 2350 posses

90 2369 252 2448 inserere,
271 2381 305 2449 et
320 2371 448 2456 patrias
465 2370 555 2435 intus
572 2370 784 2455 deprendere
801 2369 923 2434 curasl

90 2475 238 2562 denique
255 2476 418 2564 quicquid
436 2477 538 2556 habet
555 2477 651 2541 dives
665 2474 924 2563 (circumspice)
940 2476 1101 2555 munduS,

89 2602 177 2669 eque
192 2591 241 2647 tot
257 2601 298 2647 ac
314 2581 416 2661 tantis
433 2582 520 2647 caeli
537 2592 715 2667 terraeque
733 2581 905 2668 marisque

88 2708 193 2775 posce
208 2688 307 2754 bonis
325 2687 476 2774 aliquid:
500 2689 631 2769 nullam
648 2688 777 2774 patiere
794 2689 979 2774 repulsam.

87 2798 255 2884 deprecor
271 2799 338 2864 hoc
354 2819 473 2874 unum,
492 2798 586 2885 quod
600 2818 683 2863 vero
699 2795 838 2862 nomine
854 2804 980 2882 poena,

87 2924 156 2969 non
174 2905 283 2970 honor
299 2916 351 2971 est
362 2912 375 2968 τ’
388 2926 550 2990 poenam,
569 2904 762 2979 Phaethon,
776 2925 838 2990 pro
856 2924 997 2968 munere
1010 2903 1136 2989 poscis.

86 3009 170 3097 quid
187 3031 264 3078 mea
281 3012 370 3084 colla
386 3023 481 3076 tenes
495 3011 644 3088 blandis,
663 3011 798 3098 ignare,
816 3008 974 3074 lacertis?
1089 3043 1139 3082 100

85 3136 130 3191 ne
147 3115 277 3193 dubita.
294 3117 636 3209 dabitur—,Stygias
654 3117 845 3204 juravimus
861 3116 971 3180 undas
980 3112 991 3200 ¹l
1002 3151 1065 3200 ····.

85 3224 326 3310 quodcumque
343 3223 491 3312 optaris:
515 3224 576 3289 sed
592 3236 628 3288 tu
642 3221 830 3307 sapientius
847 3222 950 3308 opta.'

129 3328 283 3395 Finierat
299 3329 466 3406 monitus;
492 3330 590 3409 dictis
605 3341 720 3394 tamen
737 3328 794 3392 ille
810 3339 993 3415 repugnat,

85 3435 364 3523 propositumque
379 3435 515 3522 premit,
533 3435 726 3522 flagratque
742 3433 902 3519 cupidine
919 3455 1051 3498 currus.

84 3562 170 3629 ergo
186 3563 255 3628 qua
268 3542 378 3619 licuit,
397 3542 530 3628 genitor
546 3551 737 3616 cunctatus,
755 3541 800 3605 ad
817 3539 902 3605 altos
1087 3571 1135 3628 ¹05

84 3648 224 3732 deducit
235 3648 411 3739 juvenem,
429 3647 602 3724 Vulcania
619 3667 775 3722 munera,
794 3668 926 3711 currus.

84 3754 302 3831 aureusaxis
319 3764 404 3831 erat,
419 3765 513 3834 ,temo
531 3775 669 3828 aureus,
687 3774 792 3818 aurea
809 3773 965 3818 summae

83 3871 267 3928 curvatura
282 3871 390 3940 rotae,
407 3861 580 3942 radiorum
596 3871 779 3949 argenteus
795 3859 891 3925 ordo.
