2476 4148
109 169 173 234 114
427 147 498 212 Tae
527 145 644 227 Clu'ess
667 155 706 210 at
735 145 771 211 T
766 168 841 232 roy.
1013 161 1159 231 [Marnas.

106 353 243 429 totaque
260 342 420 407 Peliacae
437 342 608 406 sternebat
624 340 775 424 cuspidis
791 340 860 404 ictu

108 449 393 536 agmina,perque
405 448 496 512 acies
507 458 565 510 aut
573 446 738 532 Cygnum
750 444 967 511 autHectora
976 466 1160 532 quaerens.

151 554 383 641 Congreditur
399 553 549 640 Cygnot
575 553 746 617 decimum
765 551 890 616 dilatus
907 551 941 614 in
959 572 1090 615 annum

108 660 238 725 Hector
254 670 338 724 erat.
386 661 478 723 Tum
496 660 584 722 colla
598 658 684 745 jugo
701 657 883 721 candentia
900 679 1037 742 pressos

107 767 304 831 exhortatus
321 787 440 851 equos,
459 786 595 828 currum
613 763 738 828 direxit
753 763 788 826 in
806 763 952 840 hostem,
1107 758 1109 762 ⁴

107 872 371 957 concutiensque
389 870 458 936 suis
474 870 642 935 vibrantia
659 872 727 936 teia
743 869 892 944 lacertis,

108 977 299 1064 ‘Quisquis
316 1001 363 1053 es,
381 978 413 1044 O
426 976 587 1065 juvenis,’
603 976 688 1040 dixit
705 976 881 1040 ‘solamen
898 976 1023 1041 habeto
1126 993 1163 1046 80

107 1085 237 1160 mortiS,
255 1086 299 1150 ab
318 1083 511 1149 Haemonio
528 1082 619 1169 quod
636 1082 682 1147 sis
695 1082 874 1171 jugulatus
889 1081 1055 1147 Achille!

107 1192 273 1256 hactenus
289 1190 481 1254 Aeacides:
506 1209 625 1254 vocem
643 1189 758 1275 gravis
776 1190 874 1253 hasta
890 1201 1008 1254 secuta
1026 1199 1088 1255 est.

107 1299 167 1362 sed
184 1318 393 1384 quamquam
411 1308 502 1361 certa
519 1296 633 1359 nuilus
649 1295 711 1359 fuit
727 1317 820 1360 error
836 1295 871 1359 in
889 1296 1000 1371 hasta,

106 1403 154 1468 nil
171 1415 285 1467 tamen
303 1402 418 1467 emissi
435 1402 577 1487 profecit
594 1401 752 1466 acumine
769 1401 861 1477 ferri,
1128 1480 1131 1487 Ι

105 1520 209 1596 utque
227 1509 338 1574 hebeti
355 1520 473 1594 pectus
490 1510 723 1573 tantummodo
741 1509 893 1574 contudit
909 1509 987 1574 ictu.
1125 1527 1160 1600 83

154 1617 270 1681 ‘Nate
287 1617 365 1692 dea,
384 1637 463 1679 nam
481 1625 514 1679 te
530 1615 623 1678 fama
639 1616 907 1699 praenovimus,'
925 1615 1035 1701 inquit

106 1723 177 1798 ille,
198 1723 303 1809 ‘quid
321 1744 340 1786 a
356 1722 455 1786 nobis
472 1722 597 1785 vulnus
613 1721 746 1785 miraris
763 1720 907 1786 abesse?
920 1722 928 1748 '
942 1759 986 1770 -

106 1829 318 1893 mirabantur
335 1828 425 1892 enirn
439 1865 483 1876 —
499 1838 507 1868 ⁶
523 1827 605 1892 Non
622 1828 722 1902 haec,
741 1839 845 1913 quam
863 1828 989 1904 cerniS,
1008 1828 1145 1916 equinis

106 1935 199 1998 fulva
215 1933 305 2021 jubis
322 1934 441 2008 cassis,
460 1954 571 2019 neque
588 1955 674 1997 onus
691 1954 776 1997 cava
794 1954 914 2017 parma
930 1934 1089 2001 sinistrae

106 2040 234 2105 auxilio
251 2038 334 2103 mihi
351 2051 449 2104 sunt:
474 2039 576 2103 decor
593 2050 643 2103 est
659 2039 831 2125 quaesitus
848 2041 892 2105 ab
909 2040 1003 2115 istis;
1123 2079 1159 2132 90

106 2145 204 2210 Mars
220 2167 355 2232 quoque
372 2146 417 2211 ob
434 2146 499 2210 hoc
512 2166 636 2230 capere
653 2165 748 2210 arma
766 2145 860 2211 solet.
908 2146 1159 2216 Removebitur

241 2253 342 2341 hujus

105 2359 265 2449 tegminis
284 2347 455 2425 officium:
480 2371 593 2424 tamen
611 2360 827 2428 indestrictus
843 2362 956 2430 abibo.

106 2478 156 2538 est
173 2468 313 2554 aliquid,
334 2490 401 2532 non
419 2489 495 2532 esse
513 2479 622 2532 satum
640 2467 805 2546 Nereide,
824 2471 885 2537 sed
902 2472 960 2559 qui

105 2572 289 2661 Nereaque
308 2586 340 2638 et
356 2584 453 2638 natas
470 2585 503 2639 et
518 2585 624 2638 totum
641 2585 806 2660 temperet
823 2578 976 2664 aequor.'

151 2680 259 2755 Dixit,
278 2691 312 2745 et
328 2683 512 2744 haesurum
530 2680 631 2765 clipei
648 2684 847 2748 curvamine
864 2686 968 2749 telum
1122 2715 1155 2774 95

106 2786 197 2850 misit
213 2786 248 2850 in
264 2784 456 2861 Aeaciden,
475 2787 566 2872 quod
583 2798 616 2850 et
632 2809 691 2852 aes
708 2800 740 2852 et
756 2790 913 2873 proxima
930 2790 1021 2875 rupit

105 2903 203 2979 terga
220 2913 354 2956 novena
370 2892 488 2966 boum,
504 2893 638 2958 decimo
654 2904 767 2958 tamen
782 2896 864 2959 orbe
879 2907 1048 2962 moratum
1065 2908 1128 2964 est.

106 2998 233 3062 excutit
249 2999 314 3062 hoc
332 2999 444 3073 heros,
464 3021 648 3084 rursusque
666 3000 843 3064 trementia
860 3001 936 3066 sorti

105 3105 173 3168 tela
189 3125 293 3167 manu
309 3104 423 3168 torsit:
448 3126 565 3168 rursus
582 3105 654 3169 sine
671 3107 811 3170 vulnere
829 3127 953 3192 corpus

105 3210 345 3294 sincerumque
361 3209 442 3284 suit3
468 3231 532 3274 nec
548 3211 644 3274 tertia
662 3213 775 3295 cuspis
793 3225 947 3296 apertum
1107 3248 1158 3288 100

106 3328 138 3379 et
155 3337 191 3380 se
208 3317 426 3399 praebentem
444 3316 551 3379 valuit
567 3317 779 3403 destringere
796 3318 973 3404 Cygnum.

106 3419 198 3482 haud
216 3440 315 3483 secus
332 3419 471 3493 exarsit,
490 3441 592 3504 quam
611 3419 701 3484 circo
718 3433 834 3486 taurus
851 3419 985 3507 aperto,

105 3546 184 3589 cum
201 3546 262 3589 sua
279 3525 418 3588 terribili
435 3526 517 3609 petit
533 3526 720 3589 irritamina
737 3548 856 3604 cornu,

104 3631 289 3716 poeniceas
305 3642 428 3706 vestes,
448 3632 610 3717 elusaque
628 3634 904 3702 vulnerasensit.

150 3737 244 3800 Num
261 3748 375 3800 tamen
393 3737 557 3800 exciderit
574 3739 713 3813 ferrum,
733 3741 937 3815 considerat,
956 3743 1099 3810 hastae:

105 3843 267 3906 haerebat
283 3843 390 3928 ligno.
441 3853 449 3882 ⁶
466 3841 594 3907 Manus
611 3854 661 3908 est
679 3865 754 3942 mea
771 3846 891 3911 debilis
909 3869 1007 3935 ergo,
