2476 4148
96 119 159 184 182
469 114 619 180 Shurter
640 113 775 180 Pocms
1003 127 1153 199 [Tum

93 314 217 388 Fama,
234 312 442 398 parentales,
459 311 488 375 si
504 331 565 374 vos
582 331 659 374 mea
675 308 830 396 contigit,
847 307 994 372 umbrae

139 422 182 486 Et
198 421 327 486 suntin
343 419 468 506 Stygio
483 420 627 482 crimina
645 434 759 482 nostra
775 419 863 491 forn,

94 529 200 603 Scite,
219 549 352 612 precor,
370 547 641 590 causam—nec
657 547 717 589 ros
735 525 817 587 mihi
833 524 953 588 fallere
969 521 1025 587 fas
1042 534 1150 588 est-

139 635 299 699 Errorem
312 633 443 720 jussae,
461 654 530 695 non
546 633 671 705 scelus,
690 654 767 696 esse
784 631 901 719 fugae.
1113 663 1149 719 90

94 742 258 807 Manibus
275 744 340 808 hoc
356 742 438 806 satis
454 754 524 806 est:
550 743 594 805 ad
610 764 685 816 vos,
704 742 867 817 studiosa,
884 752 1055 818 revertor,

138 850 294 921 Pectora,
312 849 369 936 qui
385 850 474 914 vitae
491 848 652 935 quaeritis
670 862 745 912 acta
762 870 873 913 meae.

88 957 168 1045 Jam
186 959 268 1021 mihi
285 958 425 1022 canities
442 958 549 1042 pulsis
566 957 762 1021 melioribus
779 957 878 1022 annis

136 1065 301 1141 Venerat,
320 1067 476 1152 antiquas
494 1066 744 1152 miscueratque
761 1087 892 1143 comas,

93 1171 241 1259 Postque
257 1195 352 1238 meos
368 1186 461 1237 ortus
478 1172 600 1237 Pisaea
618 1174 751 1237 vinctus
767 1173 857 1238 oliva

137 1278 337 1344 Abstulerat
352 1280 467 1345 decies
483 1280 637 1364 praemia
652 1280 759 1344 victor
775 1301 899 1366 equus,

93 1385 182 1453 Cum
202 1388 305 1452 maris
321 1386 449 1451 Euxini
466 1387 592 1472 positos
609 1387 653 1452 ad
669 1387 768 1450 laeva
784 1386 941 1453 Tomitas

139 1492 317 1578 Quaerere
333 1515 388 1558 me
404 1494 488 1558 laesi
505 1493 669 1578 principis
684 1492 736 1556 ira
748 1493 857 1580 jubet.

92 1599 208 1667 Causa
226 1621 323 1665 meae
340 1601 471 1664 cunctis
488 1600 630 1663 nimium
647 1621 783 1687 quoque
799 1610 880 1664 nota
895 1599 1018 1665 ruinae

138 1707 271 1772 Indicio
287 1728 356 1770 non
373 1718 423 1771 est
439 1706 651 1771 testificanda
668 1729 757 1771 meo.
1097 1742 1149 1782 100

93 1812 188 1899 Quid
204 1814 350 1878 referam
367 1814 597 1898 comitumque
613 1813 710 1877 nefas
726 1812 941 1898 famulosque
957 1804 1149 1882 nocentes?

137 1919 217 2004 Ipsa
235 1920 340 1983 multa
356 1919 417 1983 tuli
434 1941 502 1982 non
520 1918 647 1982 leviora
664 1919 758 2007 fuga.

93 2025 278 2113 Indignata
294 2026 392 2090 malis
409 2047 507 2090 mens
522 2035 573 2089 est
589 2027 825 2100 succumbere,
843 2047 948 2114 seque

137 2131 307 2198 Praestitit
323 2132 485 2197 invictam
502 2131 630 2196 viribus
646 2154 709 2197 usa
726 2133 807 2197 suis.

93 2238 296 2326 Oblitusque
312 2240 379 2303 mei
396 2240 587 2325 ductaeque
603 2261 665 2324 per
680 2240 749 2303 otia
764 2239 868 2315 vitae,

137 2345 279 2412 Insolita
296 2346 372 2432 cepi
388 2346 549 2431 temporis
566 2367 661 2409 arma
679 2366 798 2410 manu.

90 2451 227 2539 Totque
242 2453 302 2518 tuli
319 2474 420 2517 casus
435 2453 629 2540 pelagoque
645 2464 815 2539 terraque,
834 2463 917 2540 quot
931 2452 1021 2519 inter

137 2557 320 2624 Occultum
336 2560 455 2623 stellae
471 2559 762 2644 conspicuumque
777 2559 905 2644 polum.

91 2665 201 2730 Tacta
218 2665 300 2729 mihi
318 2665 455 2729 tandem
471 2664 585 2750 longis
602 2665 773 2728 erroribus
790 2676 866 2730 acto

131 2770 257 2858 Juncta
273 2770 476 2855 pharetratis
493 2769 662 2835 Sarmatis
677 2792 738 2835 ora
754 2769 864 2837 Getis.
1088 2803 1137 2844 110

93 2876 161 2942 Hic
177 2899 244 2965 ego
259 2877 410 2942 finitimis
426 2877 583 2963 quamvis
600 2877 832 2944 circumsoner
848 2879 966 2957 armis,

135 2984 276 3062 Tristia,
293 3008 361 3072 quo
378 3006 531 3071 possum,
549 2984 701 3049 carmine
717 2985 786 3049 fata
802 2986 892 3051 levo.
1029 2968 1033 2975 ⁵

93 3088 196 3177 Quod
213 3092 370 3180 quamvis
386 3114 488 3157 nemo
504 3102 567 3167 est,
586 3091 682 3180 cujus
698 3093 864 3158 referatur
880 3094 925 3159 ad
941 3115 1057 3172 aures,

136 3198 195 3264 Sic
211 3212 326 3264 tamen
343 3201 486 3264 absumo
502 3199 703 3285 decipioque
720 3200 822 3265 diem.

91 3303 185 3391 Ergo
201 3307 292 3391 quod
308 3307 398 3377 vivo,
417 3306 578 3393 durisque
594 3307 767 3372 laboribus
784 3309 894 3385 obsto,
1094 3344 1155 3398 ¹15·

136 3410 213 3476 Nec
229 3434 285 3477 me
301 3415 465 3480 sollicitae
481 3416 594 3480 taedia
610 3417 696 3481 lucis
712 3418 855 3494 habent,

90 3516 223 3593 Gratia,
243 3519 359 3597 Musa,
377 3524 457 3599 tibi3
482 3546 561 3589 nam
578 3537 614 3589 tu
631 3527 759 3592 solacia
776 3529 934 3613 praebes,

134 3625 191 3690 Tu
208 3648 310 3693 curae
326 3631 474 3716 requies,
492 3642 528 3696 tu
544 3632 714 3697 medicina
731 3635 849 3708 venis3

88 3731 145 3799 Tu
163 3734 233 3799 dux
250 3746 282 3800 et
299 3757 413 3801 comes
430 3759 487 3811 es;
511 3750 546 3804 tu
563 3761 625 3804 nos
642 3740 785 3805 abducis
801 3742 844 3806 ab
861 3740 993 3819 Histro,

135 3840 175 3905 In
193 3841 373 3930 medioque
389 3842 472 3907 mihi
489 3845 551 3909 das
567 3845 737 3911 Helicone
752 3845 879 3911 locum.
