2476 4148
100 145 161 214 124
313 125 468 213 Rziralry
492 129 539 213 of
551 125 651 215 Asax
673 126 747 193 and
774 123 923 213 Ulysses.
1000 143 1146 216 [Maru

96 325 172 410 quis
188 334 266 389 tuus
281 346 364 390 usus
381 321 475 396 erat?
520 323 614 390 Nam
630 323 659 391 si
676 345 755 390 mea
769 322 861 392 facta
876 322 1034 410 requiris,

96 430 249 494 hostibus
264 413 417 507 insidior,
436 430 545 496 fossas
562 430 751 501 munimine
769 429 887 517 cing0,

96 538 253 602 consolor
269 538 392 612 socios,
411 550 448 602 ut
463 537 558 624 longi
575 537 688 608 taedia
704 537 786 602 belli

95 655 209 708 mente
225 643 335 708 ferant
351 643 508 729 placida;
533 645 654 719 doce0,
671 665 739 730 quo
756 643 863 711 simus
880 645 996 713 alendi

95 750 319 837 armandique
335 751 458 825 m0d03
484 749 608 826 mittor,
626 772 694 837 quo
711 752 860 836 postulat
876 775 971 820 usus.
1094 786 1146 844 215

141 866 150 895 ⁶
167 855 259 920 Ecce
270 855 366 943 Jovis
383 855 526 931 monitu,
544 856 708 940 deceptus
725 856 879 945 imagine
893 858 1020 939 somni,

95 983 157 1026 rex
169 962 266 1050 jubet
281 962 428 1047 incoepti
445 983 562 1026 curam
579 963 747 1032 dimittere
763 965 865 1032 belli:

94 1071 151 1135 ille
168 1080 278 1155 potest
294 1081 430 1135 auctore
446 1091 544 1135 suam
562 1069 748 1140 defendere
763 1094 897 1139 vocem.

93 1197 163 1241 non
179 1176 268 1240 sinat
283 1177 349 1241 hoc
364 1175 471 1262 Ajax,
490 1175 704 1263 delendaque
721 1177 894 1266 Pergama
909 1191 1041 1266 poscat,

92 1282 252 1369 quodque
268 1292 389 1366 potest,
408 1279 559 1367 pugnetl
607 1282 680 1348 Cur
696 1307 764 1352 non
780 1299 970 1353 remoratur
986 1286 1116 1364 ituros?

94 1410 154 1454 cur
171 1411 238 1452 non
256 1409 352 1460 arma
369 1388 472 1472 capit,
491 1390 563 1466 dat,
581 1394 673 1478 quod
690 1413 782 1480 vaga
797 1394 897 1459 turba
912 1393 1098 1480 sequatur?

93 1517 162 1560 non
179 1507 251 1560 erat
267 1496 333 1559 hoc
349 1495 493 1559 nimium
511 1519 699 1584 numquam
715 1499 779 1564 nisi
797 1518 926 1586 magna
942 1499 1108 1587 loquenti.

93 1603 174 1690 quid
191 1603 282 1689 quod
300 1602 421 1687 etipse
438 1603 547 1691 sugit?
592 1605 687 1681 Vidi,
705 1605 892 1692 puduitque
908 1606 1040 1682 videre,

94 1731 172 1774 cum
188 1721 224 1774 tu
240 1722 338 1795 terga
355 1709 468 1784 dares,
488 1711 734 1797 inhonestaque
751 1713 829 1777 vela
845 1733 997 1797 parares.

92 1836 157 1881 nec
174 1835 290 1880 mora:
314 1814 418 1898 „Quid
425 1816 582 1896 suariis?
605 1839 693 1903 quae
707 1840 767 1882 vos
782 1819 953 1885 denrentr'a
974 1817 1084 1907 (dixi)

93 1923 254 1998 concz'tat,
277 1921 309 1987 O
323 1925 418 1999 socii,
438 1931 574 2010 captam
591 1925 765 1989 dimittere
788 1923 823 1988 T
818 1921 964 2010 rojam?

93 2030 219 2114 quidve
235 2029 490 2121 domumsertr's
507 2032 647 2105 decemo,
667 2032 738 2094 rusi
750 2031 907 2106 dedecus,
926 2025 1054 2095 anno?
1099 2028 1104 2035 ’

91 2134 216 2198 talibus
234 2147 335 2222 atque
353 2137 439 2212 aliis,
457 2137 492 2200 in
507 2158 597 2223 quae
614 2138 710 2202 dolor
726 2139 799 2222 ipse
816 2138 979 2202 disertum

92 2240 232 2316 fecerat,
251 2264 389 2308 aversos
407 2244 553 2330 profuga
570 2244 613 2308 de
630 2245 740 2309 classe
755 2242 890 2309 reduxi.

139 2349 343 2436 ‘Convocat
358 2348 497 2416 Atrides
513 2350 624 2416 socios
639 2361 765 2415 terrore
784 2360 969 2434 paventesr
1091 2380 1144 2436 ²³0

92 2478 157 2522 nec
172 2456 441 2522 Telamoniades
458 2456 560 2521 etiam
578 2477 669 2520 nunc
686 2456 819 2521 hiscere
835 2455 1020 2541 quicquam

93 2565 207 2630 audet.
256 2564 303 2631 At
320 2587 424 2631 ausus
441 2575 514 2630 erat
530 2584 631 2650 reges
648 2563 820 2627 incessere
836 2562 936 2627 dictis

92 2673 282 2748 Thersites,
302 2674 404 2739 etiarn
422 2695 483 2759 per
500 2694 554 2737 me
571 2671 664 2734 haud
680 2670 833 2753 impune,
851 2667 1029 2754 protervis.

92 2779 220 2866 erigor,
238 2791 271 2845 et
286 2781 435 2866 trepidos
452 2781 544 2846 cives
561 2779 722 2843 exhortor
738 2774 774 2838 in
791 2775 938 2851 hostem,

94 2888 324 2972 amissamque
342 2909 418 2951 mea
434 2887 591 2951 virtutem
609 2904 693 2949 voce
710 2902 867 2967 reposco.
1092 2909 1142 2968 235

92 3003 244 3078 ternpore
262 2994 305 3057 ab
323 2994 400 3068 hoc,
418 2994 659 3078 quodcumque
681 2999 790 3074 potest
805 2986 927 3052 secisse
943 2985 1052 3057 videri

93 3099 221 3163 sortiter
235 3100 310 3174 iste,
330 3120 444 3164 meum
461 3108 523 3172 est,
541 3097 599 3182 qui
616 3097 756 3162 dantem
773 3106 876 3182 terga,
888 3091 1029 3172 retraxi.
1143 3158 1145 3165 ,

93 3205 239 3289 denique
257 3206 299 3268 de
317 3205 448 3268 Danais
465 3203 541 3289 quis
556 3213 590 3267 te
607 3203 768 3267 laudatve
785 3197 933 3286 petitve?

140 3322 148 3351 ‘
165 3311 212 3376 At
228 3333 289 3375 sua
306 3311 462 3396 Tydides
479 3331 614 3373 mecum
632 3309 864 3373 communicat
881 3317 971 3383 acta,

93 3440 149 3482 me
166 3418 298 3502 probat,
316 3428 350 3482 et
366 3416 458 3481 socio
476 3436 612 3499 semper
628 3414 767 3479 confidit
785 3414 904 3480 Ulixe.
1093 3440 1145 3495 ²40

94 3535 145 3588 est
161 3523 302 3608 aliquid,
321 3524 363 3587 de
380 3533 426 3586 tot
444 3521 626 3586 Graiorum
644 3520 782 3584 milibus
798 3541 906 3584 unum

94 3652 114 3695 a
131 3630 299 3695 Diomede
317 3628 399 3714 legi.
448 3628 525 3692 Nec
542 3649 596 3691 me
613 3648 686 3693 sors
703 3627 752 3691 ire
765 3625 929 3714 jubebat:

94 3738 143 3801 sic
158 3748 285 3811 tamen,
304 3745 337 3800 et
353 3745 466 3820 spreto
482 3734 657 3819 noctisque
675 3733 848 3817 hostisque
865 3731 1008 3816 periclo,

94 3866 216 3910 ausum
234 3845 368 3921 eadem,
386 3863 475 3929 quae
492 3863 567 3918 nos,
586 3838 741 3928 Phrygia
758 3838 800 3903 de
816 3849 920 3924 gente
938 3837 1078 3904 Dolona
