2476 4148
98 125 143 211 76
381 125 453 193 The
474 125 600 215 Fligkt
622 128 670 214 ff
682 123 864 194 Doedalus.
984 144 1149 243 lateran.

98 323 244 389 destinat
261 324 353 388 hunc
370 323 487 389 Minos
502 323 663 389 thalamis
679 344 857 389 removere
875 323 1057 409 pudorem,

98 430 343 517 multiplicique
360 430 462 496 domo
479 429 659 516 caecisque
676 429 851 494 includere
868 430 978 495 tectis.

143 536 320 601 Daedalus
336 535 477 624 ingenio
493 536 611 601 fabrae
629 535 873 623 celeberrimus
890 535 971 602 artis

97 642 192 728 ponit
208 663 307 727 opuS,
326 643 504 729 turbatque
521 654 632 717 notas,
651 652 685 706 et
700 641 831 705 lumina
846 640 977 707 flexum
1100 661 1151 716 160

98 749 190 814 ducit
205 748 241 812 in
257 768 407 813 errorem
422 747 595 813 variarum
613 745 760 834 ambage
775 746 923 812 viarum.

96 876 167 920 non
183 875 282 923 secus
298 875 340 920 ac
356 853 504 941 liquidus
519 852 682 941 Phrygiis
699 851 888 921 Maendros
904 854 939 920 in
957 853 1047 923 arvis

96 960 195 1035 ludit,
213 971 246 1024 et
262 960 425 1047 ambiguo
443 961 542 1045 lapsu
559 959 737 1045 refluitque
753 959 907 1046 fluitque,

96 1087 348 1152 occurrensque
365 1065 429 1132 sibi
445 1076 606 1130 venturas
623 1064 744 1150 aspicit
760 1067 886 1143 undas,

96 1183 131 1237 et
145 1194 238 1238 nunc
254 1174 298 1238 ad
315 1173 437 1247 sontes,
456 1192 549 1236 nunc
565 1171 610 1236 ad
627 1192 721 1237 mare
737 1193 856 1238 versus
874 1183 1030 1260 apertum
1097 1191 1147 1262 163

96 1278 243 1344 incertas
260 1289 397 1344 exercet
413 1299 542 1364 aquas:
568 1276 614 1342 ita
632 1278 808 1345 Daedalus
825 1278 945 1366 implet

96 1380 294 1450 innumeras
312 1405 425 1451 errore
443 1383 536 1459 vias3
561 1383 688 1471 vixque
705 1386 779 1471 ipse
795 1385 919 1453 reverti

96 1491 140 1555 ad
158 1492 262 1556 limen
279 1491 399 1576 potuit,
415 1501 509 1555 tanta
526 1501 577 1556 est
591 1491 729 1556 fallacia
744 1492 835 1557 tecti.

142 1597 223 1683 Quo
240 1609 418 1684 postquam
437 1597 612 1684 geminam
629 1601 716 1663 tauri
729 1597 935 1688 juvenisque
951 1597 1101 1688 figuram

96 1703 229 1779 clausit,
248 1715 281 1768 et
289 1702 429 1769 Actaeo
445 1704 498 1769 bis
515 1714 649 1789 pastum
666 1705 835 1793 sanguine
852 1715 1041 1773 monstrum
1096 1737 1149 1792 170

95 1810 192 1874 tertia
208 1831 282 1874 sors
298 1809 398 1874 annis
415 1810 545 1875 domuit
561 1810 701 1896 repetita
718 1813 881 1891 novenis;

95 1927 198 2000 utque
215 1936 280 2000 ope
297 1915 453 2002 virginea
470 1916 572 1981 nullis
589 1917 707 1981 iterata
724 1916 875 2002 priorum

91 2021 200 2110 janua
216 2021 362 2086 difficilis
379 2020 436 2087 filo
451 2033 504 2086 est
519 2022 658 2087 inventa
674 2024 812 2100 relecto,

94 2127 247 2221 protinus
264 2126 420 2216 Aegides
436 2140 534 2214 rapta
550 2128 706 2195 Minoide
724 2129 830 2194 Diam

93 2236 173 2300 vela
188 2234 293 2310 dedit,
312 2235 538 2322 comitemque
555 2256 653 2301 suam
670 2236 818 2301 crudelis
835 2237 869 2300 in
886 2237 945 2304 illo
1097 2268 1147 2326 175

93 2342 192 2408 litore
207 2341 369 2408 destituit.
417 2342 583 2407 Desertae
600 2352 633 2407 et
648 2343 754 2407 multa
771 2344 926 2430 querenti

95 2449 274 2535 amplexus
291 2459 324 2514 et
339 2470 440 2534 opem
457 2448 564 2513 Liber
577 2448 666 2523 tulit,
683 2459 788 2535 utque
805 2449 947 2534 perenni

93 2555 204 2621 sidere
222 2556 315 2619 clara
332 2554 429 2629 soret,
448 2566 619 2639 sumptam
637 2555 679 2619 de
696 2555 804 2619 fronte
823 2576 984 2620 coronam

93 2662 232 2727 immisit
248 2662 357 2727 caelo.
404 2660 546 2725 Tenues
562 2660 654 2725 volat
670 2660 728 2724 illa
746 2682 808 2745 per
826 2681 947 2737 auras3

92 2769 243 2855 dumque
260 2769 363 2841 volat,
382 2787 542 2855 gemmae
560 2766 682 2832 nitidos
699 2778 874 2832 vertuntur
889 2767 925 2831 in
941 2767 1055 2855 ignes,
1093 2786 1144 2844 180

92 2877 346 2962 consistuntque
362 2876 451 2949 loco,
469 2873 584 2958 specie
600 2884 797 2938 remanente
814 2894 973 2950 coronae,

91 2981 149 3068 qui
167 2980 299 3045 medius
315 2978 467 3065 Nixique
484 2998 577 3065 genu
594 2988 657 3051 est,
675 2975 907 3063 Anguemque
923 2977 1099 3068 tenentis,

137 3086 313 3151 Daedalus
330 3084 459 3150 interea
475 3082 602 3150 Creten
619 3083 830 3170 longumque
847 3103 989 3168 perosus

91 3195 262 3269 exsilium,
280 3205 457 3279 tactusque
473 3190 540 3257 loci
557 3191 680 3256 natalis
698 3211 827 3267 amore,

91 3302 228 3364 clausus
245 3311 316 3364 erat
332 3282 470 3386 pelago·
521 3298 671 3362 ‘Terras
688 3297 784 3361 licet’
801 3296 909 3383 inquit
926 3307 982 3363 ‘et
997 3298 1109 3364 undas

90 3408 252 3479 obstruat,
272 3416 305 3469 at
320 3406 455 3469 caelum
472 3416 562 3470 certe
579 3415 690 3489 patet:
716 3403 841 3468 ibimus
858 3403 947 3490 illac.

89 3512 203 3577 omnia
221 3510 404 3595 possideat,
423 3532 492 3575 non
509 3510 659 3595 possidet
676 3515 755 3574 aera
773 3508 913 3576 Minos!

89 3619 193 3690 dixit;
220 3628 252 3683 et
268 3617 402 3704 ignotas
420 3617 572 3680 animum
591 3616 724 3681 dimittit
740 3616 774 3680 in
793 3628 895 3693 arteS,

89 3737 313 3809 naturamque
330 3732 453 3787 novat:
478 3744 559 3786 narn
576 3722 670 3807 ponit
685 3722 719 3787 in
736 3723 855 3788 ordine
873 3745 1019 3808 pennas,

88 3853 108 3897 a
126 3831 267 3895 minima
285 3840 436 3916 coeptas,
454 3829 596 3917 longam
612 3828 767 3896 breviore
784 3831 951 3915 sequenti,
1088 3864 1139 3920 ¹9⁰
