2476 4148
107 152 173 206 XV.
196 149 269 223 766.]
386 130 422 198 T
415 131 457 196 te
480 130 685 220 Apotheosis
707 132 751 225 of
776 130 906 197 Caesar.
1097 148 1162 218 149

259 460 398 527 XXIII.
431 464 516 566 THE
540 463 775 529 Aporrrreosrs
799 481 845 526 os
868 459 1020 527 CAEsnrt.

441 651 545 724 [1³00K
563 651 828 722 XV·-745-879·]

163 830 270 880 Arsen
288 827 335 881 the
354 825 491 895 triumphs
511 826 540 878 oi
559 825 662 890 Caesar,
676 823 732 877 and
750 823 795 876 his
813 822 897 878 death
915 821 953 894 by
971 820 1116 892 treachery
1133 821 1166 874 os

110 913 154 967 his
168 914 280 980 friends,
291 916 389 967 Venus
401 912 534 967 obtained
547 912 616 964 from
630 913 738 991 Jupiter
750 911 810 964 that
822 910 857 963 he
870 909 972 963 should
984 909 1019 962 be
1033 907 1162 962 received

110 1000 170 1053 into
182 1001 229 1054 the
240 1001 358 1054 number
369 1000 402 1053 of
416 1001 463 1054 the
485 999 652 1061 immoreris,
664 1029 700 1039 —
708 1016 725 1051 a
737 998 829 1050 native
842 998 926 1067 deity,
940 996 1021 1048 while
1034 994 1161 1048 AEscula-

110 1081 1161 1158 pmmmmwwmmmssmfflmfflmffl

110 1166 1162 1242 mmmmfflmmwmmmhmmfflmmmm

110 1277 128 1313 a
151 1261 315 1314 miraculous
338 1269 397 1313 star
418 1260 509 1314 which
531 1259 670 1328 appeared
691 1260 721 1312 in
742 1259 789 1314 the
814 1259 938 1312 heavens
962 1264 991 1311 at
1012 1255 1056 1309 bis
1077 1254 1161 1308 death

113 1347 273 1417 (845-880).

164 1434 370 1498 Concrusmn,
389 1433 521 1504 881-889.

197 1606 243 1671 IC
258 1617 373 1671 tamen
390 1607 535 1673 accessit
550 1608 701 1673 delubris
720 1608 854 1673 advena
872 1605 1018 1673 nostris:

217 1712 347 1779 Caesar
359 1714 394 1777 in
408 1714 504 1780 Urbe
517 1735 579 1779 sua
597 1715 682 1780 deus
695 1725 759 1790 est,
773 1735 876 1801 quem
890 1725 998 1776 marte
1011 1722 1161 1798 togaque

110 1819 331 1905 praecipuum
349 1841 418 1884 non
434 1820 525 1884 bella
542 1821 655 1907 magis
672 1820 767 1884 finita
784 1819 978 1904 triumphis,

109 1947 232 2011 resque
249 1924 341 1989 domi
357 1938 475 2012 gestae
492 1939 742 2012 properataque
759 1925 871 2014 gloria
888 1947 1014 2001 rerum,

109 2032 145 2096 in
162 2032 254 2096 sidus
270 2044 400 2096 vertere
418 2054 543 2096 novum
561 2034 764 2119 stellamque
781 2042 989 2112 comantem,

110 2159 212 2224 quam
230 2159 292 2202 sua
309 2137 504 2223 progenies.
555 2137 679 2223 Neque
696 2138 788 2202 enim
805 2140 848 2203 de
865 2136 1026 2202 Caesaris
1043 2134 1127 2200 actis

109 2244 216 2306 ullum
236 2243 346 2330 majus
361 2264 459 2327 opus,
478 2265 581 2329 quam
597 2244 689 2329 quod
707 2256 804 2328 pater
820 2243 946 2308 exstitit
963 2242 1077 2328 hujus.

110 2348 239 2413 seilicet
255 2369 442 2434 aequoreos
459 2348 535 2433 plus
552 2361 603 2412 est
620 2349 793 2413 domuisse
810 2347 1008 2420 Britannos

110 2475 237 2538 perque
254 2453 440 2539 papyriferi
457 2453 694 2539 semptemflua
710 2453 853 2517 flumina
870 2452 943 2517 Nili
1027 2482 1030 2488 ’

109 2559 265 2636 victrices
282 2560 394 2644 egisse
411 2571 513 2634 rates,
532 2559 772 2646 Numidasque
789 2562 934 2626 rebelles

110 2664 390 2750 Cinyphiumque
402 2665 542 2750 Jubam‚
562 2666 861 2754 Mithridateisque
877 2677 1064 2731 tumentem
1107 2696 1158 2752 755

110 2771 303 2835 nominibus
320 2770 467 2836 Pontum
484 2774 612 2858 populo
629 2774 796 2861 adjecisse
814 2773 966 2859 Quirini,

110 2887 142 2940 et
159 2878 280 2940 multos
297 2877 475 2952 meruisse,
491 2880 627 2965 ,aliquos
644 2881 758 2965 egisse
774 2881 977 2965 triumphos,

109 3003 210 3068 quam
227 2993 357 3046 tantum
375 2983 536 3069 genuisse
553 2984 688 3049 virum?
735 2985 816 3071 Quo
833 2985 990 3070 praeside
1006 3006 1119 3050 rerum

109 3088 259 3151 humano
276 3089 408 3174 generi,
428 3089 566 3174 Superi,
586 3090 716 3154 sevistis
732 3092 881 3156 abunde.

153 3192 208 3256 Ne
225 3193 309 3258 soret
326 3194 382 3258 hic
397 3195 501 3281 igitur
519 3197 651 3261 mortali
670 3197 799 3262 semine
816 3208 941 3272 cretus,
1107 3213 1164 3281 760·

108 3301 164 3364 ille
182 3303 266 3366 deus
283 3302 461 3368 faciendus
478 3315 562 3369 erat.
614 3304 719 3388 Quod
736 3316 772 3370 ut
789 3326 893 3369 aurea
908 3305 992 3371 vidit

106 3405 248 3472 Aeneae
266 3409 428 3495 genitrix,
448 3411 531 3475 vidit
547 3433 683 3498 quoque
700 3412 793 3476 triste
810 3411 923 3496 parari

107 3516 256 3598 pontifici
275 3516 378 3579 letum
398 3527 431 3580 et
447 3518 623 3604 conjurata
641 3538 737 3582 arma
754 3518 896 3594 moveri,

106 3621 246 3705 palluit3
272 3633 305 3687 et
322 3623 466 3697 cunctis,
484 3635 522 3688 ut
537 3624 659 3709 cuique
677 3634 749 3688 erat
764 3624 878 3700 obvia,
897 3625 985 3689 divis

108 3725 285 3812 ‘Aspice‚’
302 3729 437 3794 dicebat
454 3741 603 3816 ‘quanta
621 3729 704 3793 mihi
721 3732 811 3795 mole
827 3741 989 3815 parentur

106 3832 263 3911 insidiae,
282 3847 478 3923 quantaque
495 3848 599 3922 caput
614 3857 694 3901 cum
711 3838 831 3902 fraude
847 3848 993 3921 petatur,
