2476 4148
130 127 192 177 102
432 107 503 174 The
525 107 628 195 Song
646 109 695 193 eff
713 105 884 195 Orpheus.
1030 123 1176 195 [Mareu.

126 305 233 371 tristia
250 304 278 371 si
294 304 442 391 spatium
458 303 608 389 ponendi
623 303 692 368 fata
710 302 894 368 dedissent.

127 432 195 498 qua
211 411 301 486 licet,
321 421 479 475 aeternus
495 420 610 474 tamen
627 430 685 484 es;
709 408 932 495 quotiensque
951 408 1088 495 repellit

126 538 188 582 ver
203 516 365 591 hiemem,
383 515 542 601 Piscique
558 515 661 580 Aries
678 513 830 580 succedit
846 535 988 600 aquoso,
1128 530 1177 601 1⁶5

126 633 163 688 tu
179 623 300 687 totiens
316 621 435 697 oreris,
454 621 621 707 viridique
638 620 673 683 in
691 619 818 705 cespite
834 619 949 684 flores.

126 739 160 794 te
177 749 273 792 meus
290 737 368 790 ante
384 747 503 791 omnes
520 726 653 812 genitor
669 725 802 800 dilexit,
820 735 853 789 et
868 726 951 791 orbe

127 834 162 898 in
179 833 292 898 medio
308 832 408 917 positi
425 842 607 896 caruerunt
623 831 781 915 praeside
798 830 939 916 Delphi,

127 940 209 1004 dum
226 939 311 1003 deus
327 936 479 1002 Eurotan
496 936 779 1023 immunitamque
796 936 988 1023 frequentat

127 1045 296 1131 Sparten:
313 1064 379 1109 nec
396 1043 559 1119 citharae,
574 1064 640 1108 nec
652 1053 730 1109 sunt
747 1042 781 1106 in
799 1044 928 1109 honore
944 1043 1106 1132 sagittae.
1129 1072 1181 1129 170

127 1151 295 1217 inmemor
310 1151 384 1237 ipse
401 1150 453 1215 sui
470 1172 539 1217 non
555 1149 639 1215 retia
655 1149 743 1215 ferre
760 1160 907 1227 recusat,
1062 1155 1066 1161 '

127 1280 196 1324 non
212 1257 361 1323 tenuisse
377 1277 495 1332 canes,
514 1278 583 1322 non
599 1278 661 1342 per
672 1255 759 1343 juga
776 1256 899 1322 montis
915 1255 1023 1344 iniqui

126 1363 195 1430 isse
212 1385 348 1438 comes3
373 1364 547 1450 longaque
565 1362 624 1427 alit
640 1362 858 1428 assuetudine
875 1362 1048 1430 flammas.

174 1472 339 1557 ‘Jamque
356 1469 427 1549 fere
444 1470 575 1536 medius
591 1469 695 1534 Titan
712 1469 879 1551 venientis
895 1482 928 1535 et
943 1481 1042 1539 actae

126 1582 236 1643 noctis
253 1587 336 1652 erat,
356 1576 533 1662 spatioque
550 1576 624 1661 pari
641 1576 787 1641 distabat
802 1577 993 1663 utrimque:
1128 1606 1179 1665 175

127 1704 269 1769 corpora
285 1695 379 1748 veste
396 1683 524 1758 levant,
544 1691 577 1748 et
592 1703 674 1748 suco
691 1682 830 1770 pinguis
846 1683 927 1748 olivi

128 1791 382 1875 splendescunt,
400 1789 526 1876 latique
543 1788 661 1854 ineunt
677 1789 864 1854 certamina
881 1789 979 1856 disci.

174 1894 313 1980 ‘Quem
330 1895 423 1980 prius
440 1894 550 1960 aerias
566 1895 724 1959 libratum
741 1894 903 1963 Phoebus
919 1895 955 1960 in
972 1917 1077 1962 auras

127 2001 231 2076 misit,
249 2012 282 2066 et
297 2001 471 2086 oppositas
488 2000 620 2088 disjecit
637 2002 788 2086 pondere
805 2003 923 2068 nubes.

127 2108 247 2173 recidit
261 2107 297 2172 in
314 2108 457 2172 solidam
474 2107 579 2195 longo
596 2118 672 2192 post
688 2118 840 2192 tempore
856 2119 983 2173 terram
1129 2126 1181 2183 180

127 2215 274 2299 pondus,
293 2223 325 2278 et
342 2213 496 2277 exhibuit
507 2213 661 2300 junctam
678 2235 756 2279 cum
774 2214 902 2280 viribus
918 2226 1040 2281 artem.

127 2320 280 2407 protinus
296 2320 496 2405 imprudens
514 2330 676 2407 actusque
694 2320 854 2406 cupidine
871 2321 942 2386 ludi

126 2428 245 2494 tollere
261 2426 476 2493 Taenarides
493 2428 609 2492 orbem
627 2428 853 2513 properabat;
879 2440 913 2494 at
927 2428 1027 2494 illum

127 2535 213 2599 dura
229 2555 467 2619 repercussum
484 2533 627 2620 subjecit
641 2534 676 2598 in
694 2539 775 2599 aera
790 2536 891 2602 tellus

127 2639 163 2703 in
179 2640 304 2715 vultus,
324 2639 534 2726 Hyacinthe,
552 2650 640 2705 tuos.
689 2640 867 2726 Expalluit
883 2662 993 2728 aeque
1129 2658 1177 2730 185

128 2766 230 2832 quam
248 2767 333 2831 puer
348 2746 421 2831 ipse
437 2747 543 2820 deus3
568 2747 806 2834 collapsosque
823 2749 950 2834 excipit
965 2758 1073 2825 artus,

129 2862 162 2916 et
177 2852 278 2916 modo
294 2862 327 2916 te
343 2851 485 2927 refovet,
504 2853 728 2918 modo'tristia
745 2855 886 2918 vulnera
902 2855 1022 2931 siccat,

128 2979 220 3022 nunc
237 2957 388 3021 animam
404 2957 549 3022 admotis
566 2958 754 3044 fugientem
771 2961 913 3025 sustinet
929 2961 1058 3026 herbis.

175 3063 258 3128 ‘Nil
274 3074 416 3149 prosunt
432 3074 542 3128 artes:
567 3074 640 3128 erat
654 3065 906 3131 immedicabile
922 3068 1062 3134 vulnus.

128 3181 164 3234 ut
180 3170 208 3235 si
225 3170 301 3257 quis
317 3170 426 3234 violas
443 3169 586 3256 riguove
600 3192 755 3263 papaver
769 3171 805 3234 in
822 3173 933 3250 horto,

128 3275 266 3361 liliaque
283 3275 447 3362 infringat
463 3275 563 3339 fulvis
581 3276 755 3341 haerentia
770 3277 891 3364 virgis,

129 3383 282 3446 marcida
298 3382 475 3452 demittant
490 3382 600 3447 subito
616 3393 718 3467 caput
734 3383 793 3446 illa
809 3396 1003 3471 gravatum,

21 3515 24 3521 ·
128 3511 194 3553 nec
210 3510 247 3553 se
264 3489 463 3565 sustineant,
483 3499 702 3575 spectentque
719 3490 898 3561 cacumine
914 3503 1061 3561 terrama

129 3595 179 3661 sic
193 3597 306 3660 vultus
323 3595 471 3661 moriens
483 3595 588 3682 jacet,
607 3606 640 3660 et
656 3595 789 3660 desecta
805 3596 924 3684 vigore

128 3701 203 3788 ipsa
220 3701 283 3767 sibi
300 3712 352 3765 est
367 3701 462 3765 oneri
479 3700 596 3765 cervix
612 3702 823 3788 humeroque
839 3706 1019 3771 recumbit.

175 3810 214 3852 ‘³‘
226 3808 385 3885 Laberis,
405 3807 585 3884 Oebalide,
603 3807 714 3893 prima
730 3807 884 3875 fraudate
898 3809 1053 3899 juventa,
1166 3874 1170 3881 .
