2476 4148
95 97 160 173 174
467 80 618 149 Skorter
640 82 774 148 Poems.
805 45 808 50 Ι
994 94 1146 167 [Tarsus.

92 268 207 367 thue
224 278 421 355 resurrexit,
438 278 583 345 foedatis
600 279 742 364 pulvere
758 275 848 362 turpi

137 377 311 460 Crinibus,
331 397 363 448 et
379 384 495 472 gelida
512 385 666 448 membra
683 384 809 448 levavit
825 383 945 457 humo,

93 490 140 555 Se
158 491 271 566 modo,
290 491 441 555 desertos
460 490 560 554 modo
578 490 810 574 complorasse
826 486 992 564 Penates,
1108 518 1143 578 95

137 595 275 660 Nomen
292 607 325 660 et
340 595 446 679 erepti
463 615 566 680 saepe
583 615 725 659 vocasse
743 594 827 668 viri;

22 737 24 741 ·
92 701 170 766 Nec
186 701 359 788 gemuisse
377 700 501 776 minus,
519 700 670 788 quamsi
688 710 834 765 nataeve
850 721 1009 768 meumve

136 807 289 873 Vidisset
304 819 447 872 structos
464 827 588 891 corpus
607 806 735 871 habere
753 828 871 894 rogos,

91 911 136 978 Et
151 912 299 978 voluisse
316 911 414 988 mori,
433 912 610 977 moriendo
626 933 754 996 ponere
772 934 895 979 sensus
908 948 954 964 -

137 1019 379 1106 Respectuque
395 1021 512 1082 tamen
528 1039 597 1082 non
614 1018 768 1084 voluisse
783 1019 863 1084 mei.
1058 1060 1062 1066 -
1094 1051 1144 1092 100

90 1124 216 1192 Vivat!
242 1135 274 1190 et
290 1125 466 1189 absentem
479 1123 699 1211 —quoniam
718 1126 767 1191 sic
784 1126 854 1192 sata
869 1127 1077 1193 tulerunt-

135 1229 240 1297 Vivat
255 1225 436 1296 ut'auxilio
452 1229 608 1296 sublevet
623 1251 733 1318 usque
750 1253 828 1299 suo.r

227 1572 259 1619 2.
292 1553 364 1619 Tre
385 1553 522 1620 aava
546 1551 630 1620 sak
659 1553 830 1620 camber
857 1552 923 1641 (ia.
942 1552 998 1640 3).

177 1766 275 1833 AEC
292 1788 383 1843 mea,
401 1767 428 1832 si
446 1789 531 1832 casu
547 1767 694 1843 miraris,
713 1766 856 1852 epistola
872 1786 979 1852 quare

111 1918 115 1924 ›
221 1872 373 1938 Alterius
390 1874 505 1960 digitis
522 1873 649 1957 scripta
666 1873 720 1948 sit,
740 1893 846 1959 aeger
862 1892 970 1936 eram.

92 1977 210 2065 Aeger
226 1980 261 2043 in
279 1980 439 2044 extremis
457 1979 565 2066 ignoti
583 1980 736 2064 partibus
754 1979 861 2055 orbis,

137 2085 359 2171 Incertusque
376 2107 474 2150 meae
492 2107 603 2171 paene
621 2086 740 2151 salutis
757 2107 865 2150 eram.

93 2189 188 2278 Quid
205 2192 290 2256 mihi
306 2213 398 2256 nunc
416 2193 521 2256 animi
538 2193 613 2256 dira
629 2192 772 2279 regione
785 2190 915 2279 jacenti
938 2250 940 2255 .
1133 2221 1150 2277 ς

138 2298 230 2363 Inter
246 2297 471 2363 Sauromatas
487 2320 562 2363 esse
581 2298 756 2384 Getasque
775 2296 896 2384 putes?

92 2402 170 2469 Nec
186 2406 320 2469 caelum
338 2405 461 2489 patior,
480 2426 544 2469 nec
561 2405 659 2491 aquis
677 2405 899 2469 adsuevimus
915 2402 1001 2480 istis,

136 2510 315 2597 Terraque
331 2510 448 2575 nescio
464 2531 531 2596 quo
548 2532 617 2574 uon
635 2512 749 2595 placet
763 2511 839 2596 ipsa
857 2511 972 2576 modo.

92 2615 174 2681 Non
191 2617 313 2681 domus
330 2628 411 2701 apta
426 2617 521 2693 satis,
540 2638 610 2682 non
626 2617 684 2681 hic
699 2617 797 2682 cibus
814 2617 905 2681 utilis
921 2636 1052 2703 aegro;

138 2721 277 2798 Nullus,
295 2721 481 2808 Apollinea
498 2725 556 2810 qui
573 2725 664 2788 levet
679 2736 751 2788 arte
768 2723 919 2799 malum3
1115 2752 1148 2792 10

93 2828 173 2894 Non
190 2829 248 2917 qui
265 2832 403 2906 soletur,
423 2851 492 2894 non
508 2830 568 2916 qui
583 2830 734 2895 labentia
752 2831 849 2895 tarde

137 2936 313 3022 Tempora
329 2937 500 3002 narrando
517 2937 625 3013 fallat,
644 2937 777 3001 amicus
794 2937 904 3001 adest.
924 2980 946 2987 -ι

94 3041 224 3108 Lassus
240 3045 276 3107 in
293 3044 453 3108 extremis
466 3043 565 3132 jaceo
582 3044 787 3130 populisque
803 3043 973 3129 locisque,
1067 3104 1070 3108 ,

114 3168 127 3177 ’·
139 3150 183 3213 Et
199 3151 287 3214 subit
305 3151 436 3214 adfecto
453 3170 545 3215 nunc
562 3149 660 3225 mihi,
677 3150 840 3236 quicquid
858 3150 967 3214 abests
1023 3231 1025 3234 y
1126 3208 1130 3213 .

94 3255 221 3320 Omnia
238 3277 315 3320 cum
333 3258 490 3330 subeant,
508 3255 617 3320 vincis
633 3267 748 3321 tamen
764 3257 897 3333 omnia,
915 3254 1081 3344 conjunx,
1113 3285 1143 3340 ις

138 3361 183 3427 Et
199 3364 275 3447 plus
291 3363 326 3426 in
342 3376 456 3426 nostro
473 3372 610 3446 pectore
626 3374 723 3446 parte
739 3373 848 3428 tenes.

93 3465 147 3530 Te
164 3467 282 3550 loquor
299 3467 487 3539 absentem,
505 3477 538 3528 te
553 3487 622 3529 vox
638 3486 716 3530 mea
732 3467 886 3532 nominat
902 3488 1030 3540 unam3

139 3571 246 3635 Nulla
262 3571 354 3635 venit
369 3571 443 3635 sine
459 3582 491 3635 te
508 3591 577 3634 nox
593 3570 690 3646 mihi,
709 3572 803 3636 nulla
819 3562 922 3639 dies·¹

95 3675 189 3762 Qin
208 3677 307 3740 etiam
325 3676 374 3740 sic
391 3696 446 3739 me
462 3676 579 3741 dicunt
595 3677 707 3740 aliena
724 3677 889 3754 locutum,

139 3783 187 3850 Ut
202 3783 287 3848 foret
303 3779 430 3847 amenti
446 3801 572 3845 nomen
588 3780 624 3844 in
640 3802 699 3847 ore
715 3793 821 3848 tuum.
912 3780 922 3850 ’,
