2476 4148
80 145 258 217 X111.278.]
418 125 557 193 Bottles
581 127 700 210 before
729 123 834 213 Troy.
1068 140 1131 212 125

79 323 260 397 interimo;
286 344 355 387 non
372 334 451 388 ante
466 333 595 399 tamen,
614 344 718 409 quam
735 334 858 390 cuncta
875 322 974 410 coegi
1080 353 1132 410 245

80 431 239 515 prodere,
259 440 292 496 et
309 428 447 506 edidici,
466 430 548 515 quid
564 431 696 514 perfida
712 429 819 517 Troja
836 443 984 515 pararet.
1125 414 1129 424 ¹

80 537 196 602 omnia
214 558 416 624 cognoram,
435 558 500 601 nec
515 537 609 622 quod
625 538 822 621 specularer
838 537 1031 613 habebam3

81 655 115 709 et
126 644 198 731 jam
215 644 384 730 promissa
400 655 555 728 poteram
572 665 651 708 cum
667 644 769 708 laude
786 642 929 708 reverti:

81 749 175 815 haud
192 761 370 817 contentus
386 770 440 825 eo,
462 749 541 834 petii
557 749 701 821 tentoria
718 749 841 824 Rhesi,

80 856 184 943 inque
201 856 270 922 suis
286 856 399 941 ipsum
416 856 536 922 castris
552 856 761 942 comitesque
779 855 929 941 peremi:
1079 886 1132 942 250

81 975 183 1049 atque
199 963 246 1028 ita
262 962 399 1048 captivo
414 963 522 1028 victor
538 962 693 1047 votisque
710 962 835 1048 potitus

80 1068 255 1156 ingredior
271 1090 373 1135 curru
389 1069 496 1135 laetos
512 1069 665 1139 imitante
681 1069 886 1154 triumphos.

81 1175 179 1263 cujus
196 1198 301 1261 equos
318 1175 464 1261 pretium
482 1198 543 1260 pro
560 1186 659 1245 nocte
676 1187 879 1261 poposcerat
895 1175 1015 1254 hostis,

81 1303 177 1346 arma
195 1293 318 1369 negate
336 1281 434 1356 mihi,
452 1282 620 1369 fueritque
637 1282 819 1369 benignior
835 1282 949 1371 Ajaxl

127 1399 136 1428 ⁴
154 1387 248 1471 Quid
265 1386 365 1474 Lycii
383 1388 529 1455 referam
547 1388 759 1473 Sarpedonis
777 1390 917 1476 agmina
934 1390 1024 1466 ferro
1077 1419 1128 1477 255

80 1494 255 1559 devastata
273 1493 371 1560 meo?
395 1515 474 1559 cum
492 1495 597 1559 multo
615 1495 784 1581 sanguine
802 1495 874 1561 fudi

80 1599 263 1667 Coeranon
280 1601 453 1686 Iphitiden
468 1612 502 1667 et
517 1601 746 1686 Alastoraque
762 1599 1034 1689 Chromiumque

79 1706 362 1792 Alcandrumque
381 1706 592 1794 Haliumque
612 1707 863 1794 Noemonaque
880 1708 1127 1795 Prytaninque,

80 1814 250 1900 exitioque
268 1814 348 1878 dedi
364 1835 442 1878 cum
460 1814 746 1880 Chersidamante
763 1814 925 1890 Thoona,

80 1934 113 1985 et
129 1919 338 2005 Charopem,
358 1920 501 2006 fatisque
519 1920 705 1985 immitibus
722 1919 905 1986 Ennomon
923 1932 1051 1998 actum,
1077 1936 1130 1991 260

79 2027 204 2112 quique
222 2026 334 2092 minus
352 2027 504 2091 celebres
522 2037 636 2091 nostra
653 2027 716 2091 sub
734 2027 913 2093 moenibus
928 2027 1024 2092 urbis

80 2133 291 2218 procubuere
309 2153 425 2197 manu.
475 2131 564 2196 Sunt
580 2142 613 2196 et
629 2132 712 2195 mihi
730 2133 885 2207 vulnera,
904 2132 1010 2207 cives,

79 2240 154 2324 ipso
170 2239 314 2324 pulchra
332 2239 428 2304 locor
453 2259 519 2304 nec
534 2237 633 2303 vanis
650 2238 776 2303 credite
792 2238 918 2304 verbis.

80 2345 220 2430 aspicite
237 2367 279 2409 en
293 2343 321 2408 l’
337 2357 534 2430 vestemque
551 2365 656 2407 manu
673 2344 827 2420 diduxit3
854 2356 889 2410 et
906 2356 915 2385 ⁶
933 2343 1034 2410 Haec
1050 2357 1129 2412 sunt

79 2462 217 2537 pectora
233 2451 387 2536 semper'
402 2451 448 2516 ait
466 2450 609 2515 ‘vestris
625 2450 776 2515 exercita
793 2451 907 2517 rebus.
1076 2468 1127 2538 2⁶5

79 2568 113 2620 at
130 2557 176 2621 nil
193 2557 359 2642 impendit
374 2578 435 2643 per
451 2568 498 2622 tot
513 2556 738 2623 Telamonius
755 2578 865 2631 annos

79 2663 258 2749 sanguinis
274 2663 307 2727 in
325 2664 448 2738 socios,
467 2675 501 2727 et
517 2664 619 2727 habet
634 2663 708 2728 sine
724 2665 866 2729 vulnere
883 2685 1020 2750 corpus.

125 2779 134 2808 ⁶
151 2768 245 2854 Quid
262 2781 376 2833 tamen
393 2771 459 2834 hoc
475 2769 590 2844 refert,
609 2769 638 2833 si
655 2792 691 2834 se
708 2792 771 2855 pro
788 2771 898 2837 classe
916 2771 1067 2857 Pelasga

79 2896 175 2939 arma
191 2876 307 2940 tulisse
324 2876 426 2940 refert
442 2888 559 2941 contra
576 2877 755 2962 Troasque
768 2876 980 2963 Jovemque?

78 2983 321 3068 confiteorque,
339 2983 434 3047 tulit:
459 3003 571 3069 neque
588 2983 679 3047 enim
696 2983 875 3048 benefacta
893 2984 1044 3070 maligne
1074 3014 1126 3066 270

78 3089 266 3154 detractare
283 3110 396 3153 meum
414 3099 485 3161 est;
510 3089 572 3153 sed
588 3112 631 3153 ne
649 3089 844 3155 communia
860 3090 954 3155 solus
1186 3174 1190 3183 =

76 3206 233 3279 occupet,
249 3206 349 3280 atque
366 3195 516 3281 aliquem
533 3196 630 3261 vobis
647 3216 782 3280 quoque
799 3195 919 3260 reddat
936 3196 1122 3271 honorem;

77 3302 225 3386 reppulit
240 3299 422 3367 Actorides
440 3303 502 3367 sub
520 3301 673 3388 imagine
689 3312 780 3366 tutus
796 3298 945 3370 Achillis

76 3407 188 3472 Troas
206 3407 248 3471 ab
266 3408 392 3473 arsuris
410 3428 488 3472 cum
507 3407 687 3473 defensore
704 3407 839 3475 carinis.

77 3534 197 3577 ausum
215 3514 317 3578 etiam
336 3513 507 3579 Hectoreo
524 3514 634 3579 solum
650 3535 856 3580 concurrere
871 3513 971 3579 marti
1073 3544 1122 3601 ²75

76 3642 113 3684 se
130 3606 236 3704 putat,
255 3621 379 3686 oblitus
395 3619 555 3706 regisque
572 3620 767 3705 ducumque
784 3621 933 3707 meique,

74 3747 185 3791 nonus
202 3727 236 3791 in
253 3727 378 3801 officio,
396 3738 429 3790 et
445 3726 618 3809 praelatus
634 3747 776 3792 munere
792 3727 904 3793 sortis.

74 3832 135 3898 sed
152 3845 267 3898 tamen
284 3843 426 3898 eventus
442 3841 588 3907 vestrae,
606 3831 801 3908 fortissime,
819 3853 959 3921 pugnae
