<?xml version="1.0" encoding="UTF-8"?>
<!DOCTYPE html PUBLIC "-//W3C//DTD XHTML 1.0 Transitional//EN"
    "http://www.w3.org/TR/xhtml1/DTD/xhtml1-transitional.dtd">
<html xmlns="http://www.w3.org/1999/xhtml" xml:lang="en" lang="en">
 <head>
  <title>
</title>
<meta http-equiv="Content-Type" content="text/html;charset=utf-8" />
  <meta name='ocr-system' content='tesseract 3.04.00' />
  <meta name='ocr-capabilities' content='ocr_page ocr_carea ocr_par ocr_line ocrx_word'/>
</head>
<body>
  <div class='ocr_page' id='page_1' title='image "./selectionsfromp00greegoog_0156.png"; bbox 0 0 2476 4148; ppageno 0'>
   <div class='ocr_carea' id='block_1_1' title="bbox 84 158 1137 253">
    <p class='ocr_par' dir='ltr' id='par_1_1' title="bbox 84 158 1137 253">
     <span class='ocr_line' id='line_1_1' title="bbox 84 158 1137 253; baseline -0.011 -18"><span class='ocrx_word' id='word_1_1' title='bbox 84 181 152 236; x_wconf 91' lang='lat' dir='ltr'><strong>XV.</strong></span> <span class='ocrx_word' id='word_1_2' title='bbox 169 181 243 253; x_wconf 87' lang='lat'>139.]</span> <span class='ocrx_word' id='word_1_3' title='bbox 265 161 336 227; x_wconf 75' lang='lat' dir='ltr'><strong>The</strong></span> <span class='ocrx_word' id='word_1_4' title='bbox 364 161 463 228; x_wconf 81' lang='lat' dir='ltr'><strong>Guz&#39;lt</strong></span> <span class='ocrx_word' id='word_1_5' title='bbox 485 162 560 226; x_wconf 84' lang='lat' dir='ltr'><strong>and</strong></span> <span class='ocrx_word' id='word_1_6' title='bbox 585 160 728 247; x_wconf 78' lang='lat' dir='ltr'><strong>Cruelty</strong></span> <span class='ocrx_word' id='word_1_7' title='bbox 751 161 799 246; x_wconf 88' lang='lat' dir='ltr'><strong>of</strong></span> <span class='ocrx_word' id='word_1_8' title='bbox 813 159 1023 225; x_wconf 78' lang='lat' dir='ltr'><strong>Bloodslzed.</strong></span> <span class='ocrx_word' id='word_1_9' title='bbox 1047 158 1051 167; x_wconf 48' lang='lat'><em>¹</em></span> <span class='ocrx_word' id='word_1_10' title='bbox 1072 177 1137 248; x_wconf 82' lang='lat'><strong>139</strong></span> 
     </span>
    </p>
   </div>
   <div class='ocr_carea' id='block_1_2' title="bbox 70 356 1137 3966">
    <p class='ocr_par' dir='ltr' id='par_1_2' title="bbox 70 356 1137 3966">
     <span class='ocr_line' id='line_1_2' title="bbox 83 356 952 444; baseline -0.007 -18"><span class='ocrx_word' id='word_1_11' title='bbox 83 359 166 426; x_wconf 87' lang='lat' dir='ltr'><strong>fecit</strong></span> <span class='ocrx_word' id='word_1_12' title='bbox 180 357 243 424; x_wconf 92' lang='lat' dir='ltr'><strong>iter</strong></span> <span class='ocrx_word' id='word_1_13' title='bbox 259 358 394 424; x_wconf 80' lang='lat' dir='ltr'><strong>sceleri.</strong></span> <span class='ocrx_word' id='word_1_14' title='bbox 442 358 626 444; x_wconf 91' lang='lat' dir='ltr'><strong>Primaque</strong></span> <span class='ocrx_word' id='word_1_15' title='bbox 644 379 662 422; x_wconf 91' lang='lat' dir='ltr'><strong>e</strong></span> <span class='ocrx_word' id='word_1_16' title='bbox 679 358 786 423; x_wconf 86' lang='lat' dir='ltr'><strong>caede</strong></span> <span class='ocrx_word' id='word_1_17' title='bbox 803 356 952 421; x_wconf 88' lang='lat' dir='ltr'><strong>ferarum</strong></span> 
     </span>
     <span class='ocr_line' id='line_1_3' title="bbox 82 463 968 550; baseline -0.005 -19"><span class='ocrx_word' id='word_1_18' title='bbox 82 466 268 531; x_wconf 90' lang='lat' dir='ltr'><strong>incaluisse</strong></span> <span class='ocrx_word' id='word_1_19' title='bbox 284 477 400 550; x_wconf 92' lang='lat' dir='ltr'><strong>putem</strong></span> <span class='ocrx_word' id='word_1_20' title='bbox 417 465 626 529; x_wconf 88' lang='lat' dir='ltr'><strong>maculatum</strong></span> <span class='ocrx_word' id='word_1_21' title='bbox 644 463 812 550; x_wconf 86' lang='lat' dir='ltr'><strong>sanguine</strong></span> <span class='ocrx_word' id='word_1_22' title='bbox 830 463 968 527; x_wconf 87' lang='lat' dir='ltr'><strong>serrum.</strong></span> 
     </span>
     <span class='ocr_line' id='line_1_4' title="bbox 82 570 964 659; baseline -0.002 -22"><span class='ocrx_word' id='word_1_23' title='bbox 82 573 187 659; x_wconf 90' lang='lat' dir='ltr'><strong>idque</strong></span> <span class='ocrx_word' id='word_1_24' title='bbox 203 571 284 636; x_wconf 86' lang='lat' dir='ltr'><strong>satis</strong></span> <span class='ocrx_word' id='word_1_25' title='bbox 302 573 429 635; x_wconf 86' lang='lat' dir='ltr'><strong>fuerat:</strong></span> <span class='ocrx_word' id='word_1_26' title='bbox 455 582 675 656; x_wconf 90' lang='lat' dir='ltr'><strong>nostrumque</strong></span> <span class='ocrx_word' id='word_1_27' title='bbox 692 570 842 655; x_wconf 89' lang='lat' dir='ltr'><strong>petentia</strong></span> <span class='ocrx_word' id='word_1_28' title='bbox 859 571 964 635; x_wconf 92' lang='lat' dir='ltr'><strong>letum</strong></span> 
     </span>
     <span class='ocr_line' id='line_1_5' title="bbox 83 675 881 763; baseline -0.008 -19"><span class='ocrx_word' id='word_1_29' title='bbox 83 699 228 763; x_wconf 87' lang='lat' dir='ltr'><strong>corpora</strong></span> <span class='ocrx_word' id='word_1_30' title='bbox 246 678 350 741; x_wconf 90' lang='lat' dir='ltr'><strong>missa</strong></span> <span class='ocrx_word' id='word_1_31' title='bbox 367 677 442 741; x_wconf 92' lang='lat' dir='ltr'><strong>neci</strong></span> <span class='ocrx_word' id='word_1_32' title='bbox 460 678 555 740; x_wconf 89' lang='lat' dir='ltr'><strong>salva</strong></span> <span class='ocrx_word' id='word_1_33' title='bbox 572 677 696 761; x_wconf 84' lang='lat' dir='ltr'><strong>pietate</strong></span> <span class='ocrx_word' id='word_1_34' title='bbox 714 675 881 751; x_wconf 86' lang='lat' dir='ltr'><strong>fatemur;</strong></span> 
     </span>
     <span class='ocr_line' id='line_1_6' title="bbox 82 783 1134 871; baseline 0.001 -21"><span class='ocrx_word' id='word_1_35' title='bbox 82 785 145 850; x_wconf 92' lang='lat' dir='ltr'><strong>sed</strong></span> <span class='ocrx_word' id='word_1_36' title='bbox 161 805 265 871; x_wconf 88' lang='lat' dir='ltr'><strong>quam</strong></span> <span class='ocrx_word' id='word_1_37' title='bbox 282 785 397 848; x_wconf 89' lang='lat' dir='ltr'><strong>danda</strong></span> <span class='ocrx_word' id='word_1_38' title='bbox 413 783 502 858; x_wconf 90' lang='lat' dir='ltr'><strong>neci,</strong></span> <span class='ocrx_word' id='word_1_39' title='bbox 521 793 590 846; x_wconf 89' lang='lat' dir='ltr'><strong>tam</strong></span> <span class='ocrx_word' id='word_1_40' title='bbox 608 804 676 846; x_wconf 93' lang='lat' dir='ltr'><strong>non</strong></span> <span class='ocrx_word' id='word_1_41' title='bbox 695 783 868 867; x_wconf 90' lang='lat' dir='ltr'><strong>epulanda</strong></span> <span class='ocrx_word' id='word_1_42' title='bbox 886 784 1033 850; x_wconf 86' lang='lat' dir='ltr'><strong>fuerunt.</strong></span> <span class='ocrx_word' id='word_1_43' title='bbox 1086 818 1134 858; x_wconf 88' lang='lat'><strong>110</strong></span> 
     </span>
     <span class='ocr_line' id='line_1_7' title="bbox 129 888 966 976; baseline 0.002 -22"><span class='ocrx_word' id='word_1_44' title='bbox 129 889 312 976; x_wconf 86' lang='lat' dir='ltr'><strong>‘Longius</strong></span> <span class='ocrx_word' id='word_1_45' title='bbox 329 889 409 953; x_wconf 93' lang='lat' dir='ltr'><strong>inde</strong></span> <span class='ocrx_word' id='word_1_46' title='bbox 426 888 523 952; x_wconf 87' lang='lat' dir='ltr'><strong>nesas</strong></span> <span class='ocrx_word' id='word_1_47' title='bbox 541 888 634 962; x_wconf 86' lang='lat' dir='ltr'><strong>abiit,</strong></span> <span class='ocrx_word' id='word_1_48' title='bbox 654 898 686 952; x_wconf 90' lang='lat' dir='ltr'><strong>et</strong></span> <span class='ocrx_word' id='word_1_49' title='bbox 702 888 813 972; x_wconf 88' lang='lat' dir='ltr'><strong>prima</strong></span> <span class='ocrx_word' id='word_1_50' title='bbox 832 902 966 975; x_wconf 89' lang='lat' dir='ltr'><strong>putatur</strong></span> 
     </span>
     <span class='ocr_line' id='line_1_8' title="bbox 81 995 941 1082; baseline 0.003 -22"><span class='ocrx_word' id='word_1_51' title='bbox 81 997 192 1061; x_wconf 89' lang='lat' dir='ltr'><strong>hostia</strong></span> <span class='ocrx_word' id='word_1_52' title='bbox 208 1017 266 1060; x_wconf 92' lang='lat' dir='ltr'><strong>sus</strong></span> <span class='ocrx_word' id='word_1_53' title='bbox 282 995 448 1059; x_wconf 89' lang='lat' dir='ltr'><strong>meruisse</strong></span> <span class='ocrx_word' id='word_1_54' title='bbox 464 995 563 1069; x_wconf 89' lang='lat' dir='ltr'><strong>mori,</strong></span> <span class='ocrx_word' id='word_1_55' title='bbox 582 995 662 1079; x_wconf 91' lang='lat' dir='ltr'><strong>quia</strong></span> <span class='ocrx_word' id='word_1_56' title='bbox 679 995 810 1060; x_wconf 88' lang='lat' dir='ltr'><strong>semina</strong></span> <span class='ocrx_word' id='word_1_57' title='bbox 826 999 941 1082; x_wconf 88' lang='lat' dir='ltr'><strong>pando</strong></span> 
     </span>
     <span class='ocr_line' id='line_1_9' title="bbox 81 1100 873 1187; baseline 0.001 -20"><span class='ocrx_word' id='word_1_58' title='bbox 81 1102 208 1167; x_wconf 91' lang='lat' dir='ltr'><strong>eruerit</strong></span> <span class='ocrx_word' id='word_1_59' title='bbox 223 1113 344 1175; x_wconf 90' lang='lat' dir='ltr'><strong>rostro,</strong></span> <span class='ocrx_word' id='word_1_60' title='bbox 363 1120 528 1187; x_wconf 87' lang='lat' dir='ltr'>spemque</span> <span class='ocrx_word' id='word_1_61' title='bbox 546 1100 763 1186; x_wconf 85' lang='lat' dir='ltr'><strong>interceperit</strong></span> <span class='ocrx_word' id='word_1_62' title='bbox 780 1102 873 1168; x_wconf 59' lang='lat' dir='ltr'><strong>anniss</strong></span> 
     </span>
     <span class='ocr_line' id='line_1_10' title="bbox 82 1205 925 1292; baseline 0.005 -20"><span class='ocrx_word' id='word_1_63' title='bbox 82 1208 148 1272; x_wconf 89' lang='lat' dir='ltr'><strong>vite</strong></span> <span class='ocrx_word' id='word_1_64' title='bbox 166 1228 269 1292; x_wconf 89' lang='lat' dir='ltr'><strong>caper</strong></span> <span class='ocrx_word' id='word_1_65' title='bbox 287 1227 399 1271; x_wconf 90' lang='lat' dir='ltr'><strong>morsa</strong></span> <span class='ocrx_word' id='word_1_66' title='bbox 417 1205 548 1270; x_wconf 88' lang='lat' dir='ltr'><strong>Bacchi</strong></span> <span class='ocrx_word' id='word_1_67' title='bbox 567 1209 769 1274; x_wconf 87' lang='lat' dir='ltr'><strong>mactandus</strong></span> <span class='ocrx_word' id='word_1_68' title='bbox 788 1212 830 1275; x_wconf 89' lang='lat' dir='ltr'><strong>ad</strong></span> <span class='ocrx_word' id='word_1_69' title='bbox 849 1232 925 1277; x_wconf 88' lang='lat' dir='ltr'><strong>aras</strong></span> 
     </span>
     <span class='ocr_line' id='line_1_11' title="bbox 80 1299 1130 1407; baseline 0.004 -28"><span class='ocrx_word' id='word_1_70' title='bbox 80 1314 215 1379; x_wconf 85' lang='lat' dir='ltr'>ducitur</span> <span class='ocrx_word' id='word_1_71' title='bbox 230 1299 371 1379; x_wconf 81' lang='lat' dir='ltr'><strong>ultoris:</strong></span> <span class='ocrx_word' id='word_1_72' title='bbox 396 1312 511 1377; x_wconf 83' lang='lat' dir='ltr'>nocuit</span> <span class='ocrx_word' id='word_1_73' title='bbox 527 1334 590 1377; x_wconf 90' lang='lat' dir='ltr'><strong>sua</strong></span> <span class='ocrx_word' id='word_1_74' title='bbox 608 1315 710 1400; x_wconf 91' lang='lat' dir='ltr'><strong>culpa</strong></span> <span class='ocrx_word' id='word_1_75' title='bbox 727 1318 872 1382; x_wconf 89' lang='lat' dir='ltr'><strong>duobus.</strong></span> <span class='ocrx_word' id='word_1_76' title='bbox 1084 1351 1130 1407; x_wconf 81' lang='lat'><strong>115</strong></span> 
     </span>
     <span class='ocr_line' id='line_1_12' title="bbox 78 1419 1090 1510; baseline 0.008 -26"><span class='ocrx_word' id='word_1_77' title='bbox 78 1420 163 1507; x_wconf 90' lang='lat' dir='ltr'><strong>quid</strong></span> <span class='ocrx_word' id='word_1_78' title='bbox 181 1419 363 1494; x_wconf 88' lang='lat' dir='ltr'><strong>meruistis,</strong></span> <span class='ocrx_word' id='word_1_79' title='bbox 382 1441 477 1494; x_wconf 90' lang='lat' dir='ltr'><strong>oves,</strong></span> <span class='ocrx_word' id='word_1_80' title='bbox 497 1419 672 1503; x_wconf 89' lang='lat' dir='ltr'><strong>placidum</strong></span> <span class='ocrx_word' id='word_1_81' title='bbox 690 1443 807 1506; x_wconf 89' lang='lat' dir='ltr'><strong>pecus,</strong></span> <span class='ocrx_word' id='word_1_82' title='bbox 826 1423 930 1510; x_wconf 89' lang='lat' dir='ltr'><strong>inque</strong></span> <span class='ocrx_word' id='word_1_83' title='bbox 946 1427 1090 1492; x_wconf 88' lang='lat' dir='ltr'><strong>tuendos</strong></span> 
     </span>
     <span class='ocr_line' id='line_1_13' title="bbox 79 1526 1038 1612; baseline 0.004 -21"><span class='ocrx_word' id='word_1_84' title='bbox 79 1539 197 1591; x_wconf 89' lang='lat' dir='ltr'><strong>natum</strong></span> <span class='ocrx_word' id='word_1_85' title='bbox 214 1526 383 1601; x_wconf 90' lang='lat' dir='ltr'><strong>homines,</strong></span> <span class='ocrx_word' id='word_1_86' title='bbox 402 1526 505 1611; x_wconf 92' lang='lat' dir='ltr'><strong>pleno</strong></span> <span class='ocrx_word' id='word_1_87' title='bbox 521 1547 611 1612; x_wconf 89' lang='lat' dir='ltr'><strong>quae</strong></span> <span class='ocrx_word' id='word_1_88' title='bbox 627 1527 719 1593; x_wconf 85' lang='lat' dir='ltr'><strong>fertis</strong></span> <span class='ocrx_word' id='word_1_89' title='bbox 736 1529 770 1592; x_wconf 92' lang='lat' dir='ltr'><strong>in</strong></span> <span class='ocrx_word' id='word_1_90' title='bbox 787 1530 892 1594; x_wconf 90' lang='lat' dir='ltr'><strong>ubere</strong></span> <span class='ocrx_word' id='word_1_91' title='bbox 909 1543 1038 1608; x_wconf 89' lang='lat' dir='ltr'><strong>nectar,</strong></span> 
     </span>
     <span class='ocr_line' id='line_1_14' title="bbox 78 1613 1088 1719; baseline 0.005 -23"><span class='ocrx_word' id='word_1_92' title='bbox 78 1633 196 1698; x_wconf 88' lang='lat' dir='ltr'><strong>mollia</strong></span> <span class='ocrx_word' id='word_1_93' title='bbox 211 1654 301 1719; x_wconf 88' lang='lat' dir='ltr'><strong>quae</strong></span> <span class='ocrx_word' id='word_1_94' title='bbox 317 1633 416 1697; x_wconf 89' lang='lat' dir='ltr'><strong>nobis</strong></span> <span class='ocrx_word' id='word_1_95' title='bbox 433 1644 564 1698; x_wconf 88' lang='lat' dir='ltr'><strong>vestras</strong></span> <span class='ocrx_word' id='word_1_96' title='bbox 580 1635 752 1700; x_wconf 88' lang='lat' dir='ltr'><strong>velamina</strong></span> <span class='ocrx_word' id='word_1_97' title='bbox 770 1636 867 1701; x_wconf 88' lang='lat' dir='ltr'><strong>lanas</strong></span> <span class='ocrx_word' id='word_1_98' title='bbox 1080 1613 1088 1636; x_wconf 44' lang='lat'>¹</span> 
     </span>
     <span class='ocr_line' id='line_1_15' title="bbox 77 1739 972 1830; baseline 0.004 -26"><span class='ocrx_word' id='word_1_99' title='bbox 77 1740 262 1825; x_wconf 86' lang='lat' dir='ltr'><strong>praebetis,</strong></span> <span class='ocrx_word' id='word_1_100' title='bbox 281 1739 419 1825; x_wconf 89' lang='lat' dir='ltr'><strong>vitaque</strong></span> <span class='ocrx_word' id='word_1_101' title='bbox 437 1739 563 1826; x_wconf 65' lang='lat' dir='ltr'><strong>magn,</strong></span> <span class='ocrx_word' id='word_1_102' title='bbox 581 1762 684 1827; x_wconf 90' lang='lat' dir='ltr'><strong>quam</strong></span> <span class='ocrx_word' id='word_1_103' title='bbox 704 1754 810 1806; x_wconf 91' lang='lat' dir='ltr'><strong>morte</strong></span> <span class='ocrx_word' id='word_1_104' title='bbox 823 1741 972 1830; x_wconf 85' lang='lat' dir='ltr'><strong>juvatis?</strong></span> 
     </span>
     <span class='ocr_line' id='line_1_16' title="bbox 77 1846 1129 1937; baseline 0.01 -26"><span class='ocrx_word' id='word_1_105' title='bbox 77 1847 158 1933; x_wconf 91' lang='lat' dir='ltr'><strong>quid</strong></span> <span class='ocrx_word' id='word_1_106' title='bbox 177 1868 333 1911; x_wconf 90' lang='lat' dir='ltr'><strong>meruere</strong></span> <span class='ocrx_word' id='word_1_107' title='bbox 348 1846 468 1922; x_wconf 86' lang='lat' dir='ltr'><strong>boves,</strong></span> <span class='ocrx_word' id='word_1_108' title='bbox 488 1847 616 1911; x_wconf 89' lang='lat' dir='ltr'><strong>animal</strong></span> <span class='ocrx_word' id='word_1_109' title='bbox 634 1848 707 1912; x_wconf 90' lang='lat' dir='ltr'><strong>sine</strong></span> <span class='ocrx_word' id='word_1_110' title='bbox 724 1848 844 1913; x_wconf 87' lang='lat' dir='ltr'><strong>fraude</strong></span> <span class='ocrx_word' id='word_1_111' title='bbox 861 1850 1030 1937; x_wconf 89' lang='lat' dir='ltr'><strong>dolisque,</strong></span> <span class='ocrx_word' id='word_1_112' title='bbox 1057 1911 1060 1917; x_wconf 92' lang='lat'><em>.</em></span> <span class='ocrx_word' id='word_1_113' title='bbox 1080 1883 1129 1922; x_wconf 89' lang='lat'><strong>120</strong></span> 
     </span>
     <span class='ocr_line' id='line_1_17' title="bbox 77 1952 928 2039; baseline 0.005 -22"><span class='ocrx_word' id='word_1_114' title='bbox 77 1952 277 2029; x_wconf 90' lang='lat' dir='ltr'><strong>innocuum,</strong></span> <span class='ocrx_word' id='word_1_115' title='bbox 296 1954 455 2039; x_wconf 85' lang='lat' dir='ltr'><strong>simplex,</strong></span> <span class='ocrx_word' id='word_1_116' title='bbox 475 1964 593 2018; x_wconf 89' lang='lat' dir='ltr'><strong>natum</strong></span> <span class='ocrx_word' id='word_1_117' title='bbox 609 1955 755 2020; x_wconf 87' lang='lat' dir='ltr'><strong>tolerare</strong></span> <span class='ocrx_word' id='word_1_118' title='bbox 772 1955 928 2021; x_wconf 87' lang='lat' dir='ltr'><strong>labores?</strong></span> 
     </span>
     <span class='ocr_line' id='line_1_18' title="bbox 77 2058 1137 2150; baseline 0.005 -27"><span class='ocrx_word' id='word_1_119' title='bbox 77 2058 256 2126; x_wconf 89' lang='lat' dir='ltr'><strong>immemor</strong></span> <span class='ocrx_word' id='word_1_120' title='bbox 272 2071 323 2125; x_wconf 90' lang='lat' dir='ltr'><strong>est</strong></span> <span class='ocrx_word' id='word_1_121' title='bbox 339 2061 491 2136; x_wconf 89' lang='lat' dir='ltr'><strong>demum,</strong></span> <span class='ocrx_word' id='word_1_122' title='bbox 509 2081 575 2125; x_wconf 90' lang='lat' dir='ltr'><strong>nec</strong></span> <span class='ocrx_word' id='word_1_123' title='bbox 591 2061 727 2148; x_wconf 85' lang='lat' dir='ltr'><strong>frugum</strong></span> <span class='ocrx_word' id='word_1_124' title='bbox 746 2084 886 2127; x_wconf 87' lang='lat' dir='ltr'><strong>munere</strong></span> <span class='ocrx_word' id='word_1_125' title='bbox 903 2063 1042 2150; x_wconf 87' lang='lat' dir='ltr'><strong>dignus,</strong></span> <span class='ocrx_word' id='word_1_126' title='bbox 1134 2129 1137 2136; x_wconf 68' lang='grc'><strong><em>,</em></strong></span> 
     </span>
     <span class='ocr_line' id='line_1_19' title="bbox 75 2166 932 2253; baseline 0.002 -22"><span class='ocrx_word' id='word_1_127' title='bbox 75 2167 133 2253; x_wconf 92' lang='lat' dir='ltr'><strong>qui</strong></span> <span class='ocrx_word' id='word_1_128' title='bbox 151 2166 258 2252; x_wconf 92' lang='lat' dir='ltr'><strong>potuit</strong></span> <span class='ocrx_word' id='word_1_129' title='bbox 274 2167 369 2232; x_wconf 90' lang='lat' dir='ltr'><strong>curvi</strong></span> <span class='ocrx_word' id='word_1_130' title='bbox 388 2167 526 2252; x_wconf 87' lang='lat' dir='ltr'><strong>dempto</strong></span> <span class='ocrx_word' id='word_1_131' title='bbox 542 2169 645 2231; x_wconf 92' lang='lat' dir='ltr'><strong>modo</strong></span> <span class='ocrx_word' id='word_1_132' title='bbox 661 2169 812 2252; x_wconf 89' lang='lat' dir='ltr'><strong>pondere</strong></span> <span class='ocrx_word' id='word_1_133' title='bbox 831 2169 932 2233; x_wconf 86' lang='lat' dir='ltr'><strong>aratri</strong></span> 
     </span>
     <span class='ocr_line' id='line_1_20' title="bbox 76 2273 864 2358; baseline 0.001 -20"><span class='ocrx_word' id='word_1_134' title='bbox 76 2274 259 2339; x_wconf 89' lang='lat' dir='ltr'><strong>ruricolam</strong></span> <span class='ocrx_word' id='word_1_135' title='bbox 278 2285 429 2338; x_wconf 84' lang='lat' dir='ltr'><strong>mactare</strong></span> <span class='ocrx_word' id='word_1_136' title='bbox 447 2295 561 2348; x_wconf 89' lang='lat' dir='ltr'><strong>suum,</strong></span> <span class='ocrx_word' id='word_1_137' title='bbox 580 2273 637 2358; x_wconf 92' lang='lat' dir='ltr'><strong>qui</strong></span> <span class='ocrx_word' id='word_1_138' title='bbox 655 2274 731 2337; x_wconf 87' lang='lat' dir='ltr'><strong>trita</strong></span> <span class='ocrx_word' id='word_1_139' title='bbox 749 2275 864 2339; x_wconf 89' lang='lat' dir='ltr'><strong>labore</strong></span> 
     </span>
     <span class='ocr_line' id='line_1_21' title="bbox 76 2380 1125 2469; baseline 0.002 -26"><span class='ocrx_word' id='word_1_140' title='bbox 76 2380 148 2456; x_wconf 89' lang='lat' dir='ltr'><strong>illa,</strong></span> <span class='ocrx_word' id='word_1_141' title='bbox 167 2381 289 2466; x_wconf 91' lang='lat' dir='ltr'><strong>quibus</strong></span> <span class='ocrx_word' id='word_1_142' title='bbox 307 2381 428 2445; x_wconf 91' lang='lat' dir='ltr'><strong>totiens</strong></span> <span class='ocrx_word' id='word_1_143' title='bbox 447 2380 571 2444; x_wconf 91' lang='lat' dir='ltr'><strong>durum</strong></span> <span class='ocrx_word' id='word_1_144' title='bbox 589 2390 815 2444; x_wconf 90' lang='lat' dir='ltr'><strong>renovaverat</strong></span> <span class='ocrx_word' id='word_1_145' title='bbox 831 2402 963 2458; x_wconf 87' lang='lat' dir='ltr'><strong>arvum,</strong></span> <span class='ocrx_word' id='word_1_146' title='bbox 1078 2414 1125 2469; x_wconf 80' lang='lat'><strong>¹25</strong></span> 
     </span>
     <span class='ocr_line' id='line_1_22' title="bbox 76 2486 867 2571; baseline -0.001 -20"><span class='ocrx_word' id='word_1_147' title='bbox 76 2487 276 2553; x_wconf 85' lang='lat' dir='ltr'><strong>condiderat</strong></span> <span class='ocrx_word' id='word_1_148' title='bbox 291 2508 434 2561; x_wconf 87' lang='lat' dir='ltr'><strong>messes,</strong></span> <span class='ocrx_word' id='word_1_149' title='bbox 455 2486 624 2571; x_wconf 89' lang='lat' dir='ltr'><strong>percussit</strong></span> <span class='ocrx_word' id='word_1_150' title='bbox 640 2486 728 2550; x_wconf 89' lang='lat' dir='ltr'><strong>colla</strong></span> <span class='ocrx_word' id='word_1_151' title='bbox 745 2487 867 2551; x_wconf 90' lang='lat' dir='ltr'><strong>securi.</strong></span> 
     </span>
     <span class='ocr_line' id='line_1_23' title="bbox 121 2592 1080 2681; baseline 0.004 -24"><span class='ocrx_word' id='word_1_152' title='bbox 121 2592 224 2658; x_wconf 87' lang='lat' dir='ltr'><strong>‘Nec</strong></span> <span class='ocrx_word' id='word_1_153' title='bbox 239 2592 320 2658; x_wconf 89' lang='lat' dir='ltr'><strong>satis</strong></span> <span class='ocrx_word' id='word_1_154' title='bbox 337 2604 399 2668; x_wconf 89' lang='lat' dir='ltr'><strong>est,</strong></span> <span class='ocrx_word' id='word_1_155' title='bbox 418 2594 509 2679; x_wconf 92' lang='lat' dir='ltr'><strong>quod</strong></span> <span class='ocrx_word' id='word_1_156' title='bbox 526 2594 593 2657; x_wconf 90' lang='lat' dir='ltr'><strong>tale</strong></span> <span class='ocrx_word' id='word_1_157' title='bbox 610 2592 707 2657; x_wconf 88' lang='lat' dir='ltr'><strong>nesas</strong></span> <span class='ocrx_word' id='word_1_158' title='bbox 724 2594 961 2660; x_wconf 79' lang='lat' dir='ltr'><strong>committiturt</strong></span> <span class='ocrx_word' id='word_1_159' title='bbox 988 2594 1080 2681; x_wconf 89' lang='lat' dir='ltr'><strong>ipsos</strong></span> 
     </span>
     <span class='ocr_line' id='line_1_24' title="bbox 73 2699 948 2785; baseline 0.002 -22"><span class='ocrx_word' id='word_1_160' title='bbox 73 2699 278 2785; x_wconf 90' lang='lat' dir='ltr'><strong>inscripsere</strong></span> <span class='ocrx_word' id='word_1_161' title='bbox 295 2701 378 2765; x_wconf 90' lang='lat' dir='ltr'><strong>deos</strong></span> <span class='ocrx_word' id='word_1_162' title='bbox 395 2699 529 2774; x_wconf 90' lang='lat' dir='ltr'><strong>sceleri,</strong></span> <span class='ocrx_word' id='word_1_163' title='bbox 549 2720 745 2785; x_wconf 89' lang='lat' dir='ltr'><strong>numenque</strong></span> <span class='ocrx_word' id='word_1_164' title='bbox 762 2722 948 2784; x_wconf 90' lang='lat' dir='ltr'><strong>supernum</strong></span> 
     </span>
     <span class='ocr_line' id='line_1_25' title="bbox 74 2806 866 2898; baseline -0.003 -26"><span class='ocrx_word' id='word_1_165' title='bbox 74 2807 181 2872; x_wconf 89' lang='lat' dir='ltr'><strong>caede</strong></span> <span class='ocrx_word' id='word_1_166' title='bbox 197 2806 369 2871; x_wconf 84' lang='lat' dir='ltr'><strong>laboriferi</strong></span> <span class='ocrx_word' id='word_1_167' title='bbox 386 2808 529 2872; x_wconf 89' lang='lat' dir='ltr'><strong>credunt</strong></span> <span class='ocrx_word' id='word_1_168' title='bbox 545 2807 698 2894; x_wconf 90' lang='lat' dir='ltr'><strong>gaudere</strong></span> <span class='ocrx_word' id='word_1_169' title='bbox 712 2806 866 2898; x_wconf 64' lang='lat' dir='ltr'><strong>juvenci3</strong></span> 
     </span>
     <span class='ocr_line' id='line_1_26' title="bbox 72 2913 1125 3001; baseline 0.001 -23"><span class='ocrx_word' id='word_1_170' title='bbox 72 2913 211 2978; x_wconf 90' lang='lat' dir='ltr'><strong>victima</strong></span> <span class='ocrx_word' id='word_1_171' title='bbox 228 2914 305 2979; x_wconf 91' lang='lat' dir='ltr'><strong>labe</strong></span> <span class='ocrx_word' id='word_1_172' title='bbox 322 2935 443 2980; x_wconf 89' lang='lat' dir='ltr'><strong>carens</strong></span> <span class='ocrx_word' id='word_1_173' title='bbox 461 2925 494 2979; x_wconf 87' lang='lat' dir='ltr'><strong>et</strong></span> <span class='ocrx_word' id='word_1_174' title='bbox 510 2913 802 3000; x_wconf 87' lang='lat' dir='ltr'><strong>praestantissima</strong></span> <span class='ocrx_word' id='word_1_175' title='bbox 821 2913 929 2985; x_wconf 91' lang='lat' dir='ltr'><strong>sorma</strong></span> <span class='ocrx_word' id='word_1_176' title='bbox 942 2952 987 2964; x_wconf 92' lang='lat'>—</span> <span class='ocrx_word' id='word_1_177' title='bbox 1077 2948 1125 3001; x_wconf 86' lang='lat'><strong>130</strong></span> 
     </span>
     <span class='ocr_line' id='line_1_27' title="bbox 72 3019 974 3106; baseline 0.001 -22"><span class='ocrx_word' id='word_1_178' title='bbox 72 3040 154 3084; x_wconf 89' lang='lat' dir='ltr'><strong>nam</strong></span> <span class='ocrx_word' id='word_1_179' title='bbox 171 3021 342 3105; x_wconf 86' lang='lat' dir='ltr'><strong>placuisse</strong></span> <span class='ocrx_word' id='word_1_180' title='bbox 359 3032 459 3087; x_wconf 90' lang='lat' dir='ltr'><strong>nocet</strong></span> <span class='ocrx_word' id='word_1_181' title='bbox 470 3021 615 3086; x_wconf 89' lang='lat' dir='ltr'><strong>—vittis</strong></span> <span class='ocrx_word' id='word_1_182' title='bbox 632 3019 825 3106; x_wconf 87' lang='lat' dir='ltr'><strong>praesignis</strong></span> <span class='ocrx_word' id='word_1_183' title='bbox 843 3032 875 3083; x_wconf 94' lang='lat' dir='ltr'><strong>et</strong></span> <span class='ocrx_word' id='word_1_184' title='bbox 891 3041 974 3085; x_wconf 89' lang='lat' dir='ltr'><strong>auro</strong></span> 
     </span>
     <span class='ocr_line' id='line_1_28' title="bbox 72 3127 1036 3215; baseline -0.001 -25"><span class='ocrx_word' id='word_1_185' title='bbox 72 3127 199 3191; x_wconf 90' lang='lat' dir='ltr'><strong>sistitur</strong></span> <span class='ocrx_word' id='word_1_186' title='bbox 216 3139 294 3193; x_wconf 91' lang='lat' dir='ltr'><strong>ante</strong></span> <span class='ocrx_word' id='word_1_187' title='bbox 311 3149 401 3204; x_wconf 89' lang='lat' dir='ltr'><strong>aras,</strong></span> <span class='ocrx_word' id='word_1_188' title='bbox 421 3128 580 3214; x_wconf 89' lang='lat' dir='ltr'><strong>auditque</strong></span> <span class='ocrx_word' id='word_1_189' title='bbox 597 3129 720 3215; x_wconf 82' lang='lat' dir='ltr'><strong>ignara</strong></span> <span class='ocrx_word' id='word_1_190' title='bbox 737 3136 949 3211; x_wconf 89' lang='lat' dir='ltr'><strong>precantem,</strong></span> <span class='ocrx_word' id='word_1_191' title='bbox 1033 3166 1036 3172; x_wconf 91' lang='lat'>-</span> 
     </span>
     <span class='ocr_line' id='line_1_29' title="bbox 70 3230 842 3319; baseline 0.003 -24"><span class='ocrx_word' id='word_1_192' title='bbox 70 3230 269 3319; x_wconf 91' lang='lat' dir='ltr'><strong>imponique</strong></span> <span class='ocrx_word' id='word_1_193' title='bbox 287 3256 369 3299; x_wconf 90' lang='lat' dir='ltr'><strong>suae</strong></span> <span class='ocrx_word' id='word_1_194' title='bbox 385 3235 477 3301; x_wconf 88' lang='lat' dir='ltr'><strong>videt</strong></span> <span class='ocrx_word' id='word_1_195' title='bbox 493 3236 579 3300; x_wconf 88' lang='lat' dir='ltr'><strong>inter</strong></span> <span class='ocrx_word' id='word_1_196' title='bbox 595 3257 723 3301; x_wconf 91' lang='lat' dir='ltr'><strong>cornua</strong></span> <span class='ocrx_word' id='word_1_197' title='bbox 741 3233 842 3298; x_wconf 81' lang='lat' dir='ltr'><strong>fronti</strong></span> 
     </span>
     <span class='ocr_line' id='line_1_30' title="bbox 72 3340 1021 3431; baseline 0.003 -28"><span class='ocrx_word' id='word_1_198' title='bbox 72 3361 157 3424; x_wconf 90' lang='lat' dir='ltr'><strong>quas</strong></span> <span class='ocrx_word' id='word_1_199' title='bbox 175 3340 289 3416; x_wconf 90' lang='lat' dir='ltr'><strong>coluit,</strong></span> <span class='ocrx_word' id='word_1_200' title='bbox 308 3341 438 3430; x_wconf 81' lang='lat' dir='ltr'><strong>fruges,</strong></span> <span class='ocrx_word' id='word_1_201' title='bbox 458 3365 689 3431; x_wconf 87' lang='lat' dir='ltr'><strong>percussaque</strong></span> <span class='ocrx_word' id='word_1_202' title='bbox 707 3341 878 3430; x_wconf 85' lang='lat' dir='ltr'><strong>sanguine</strong></span> <span class='ocrx_word' id='word_1_203' title='bbox 895 3341 1021 3406; x_wconf 91' lang='lat' dir='ltr'><strong>cultros</strong></span> 
     </span>
     <span class='ocr_line' id='line_1_31' title="bbox 71 3445 1120 3535; baseline 0.01 -27"><span class='ocrx_word' id='word_1_204' title='bbox 71 3445 178 3511; x_wconf 86' lang='lat' dir='ltr'><strong>inficit</strong></span> <span class='ocrx_word' id='word_1_205' title='bbox 194 3446 228 3511; x_wconf 92' lang='lat' dir='ltr'><strong>in</strong></span> <span class='ocrx_word' id='word_1_206' title='bbox 246 3449 374 3534; x_wconf 89' lang='lat' dir='ltr'><strong>liquida</strong></span> <span class='ocrx_word' id='word_1_207' title='bbox 392 3452 567 3535; x_wconf 88' lang='lat' dir='ltr'><strong>praevisos</strong></span> <span class='ocrx_word' id='word_1_208' title='bbox 584 3452 724 3517; x_wconf 85' lang='lat' dir='ltr'><strong>forsitan</strong></span> <span class='ocrx_word' id='word_1_209' title='bbox 742 3452 848 3516; x_wconf 87' lang='lat' dir='ltr'><strong>unda.</strong></span> <span class='ocrx_word' id='word_1_210' title='bbox 1074 3481 1120 3533; x_wconf 81' lang='lat'><strong>135</strong></span> 
     </span>
     <span class='ocr_line' id='line_1_32' title="bbox 72 3553 789 3641; baseline 0.011 -25"><span class='ocrx_word' id='word_1_211' title='bbox 72 3553 224 3637; x_wconf 91' lang='lat' dir='ltr'><strong>protinus</strong></span> <span class='ocrx_word' id='word_1_212' title='bbox 240 3567 374 3640; x_wconf 88' lang='lat' dir='ltr'><strong>ereptas</strong></span> <span class='ocrx_word' id='word_1_213' title='bbox 390 3557 515 3621; x_wconf 89' lang='lat' dir='ltr'><strong>viventi</strong></span> <span class='ocrx_word' id='word_1_214' title='bbox 533 3570 669 3641; x_wconf 88' lang='lat' dir='ltr'><strong>pectore</strong></span> <span class='ocrx_word' id='word_1_215' title='bbox 685 3560 789 3624; x_wconf 88' lang='lat' dir='ltr'><strong>fibras</strong></span> 
     </span>
     <span class='ocr_line' id='line_1_33' title="bbox 70 3658 959 3749; baseline 0.01 -26"><span class='ocrx_word' id='word_1_216' title='bbox 70 3658 267 3745; x_wconf 90' lang='lat' dir='ltr'><strong>inspiciunt,</strong></span> <span class='ocrx_word' id='word_1_217' title='bbox 287 3673 485 3749; x_wconf 86' lang='lat' dir='ltr'><strong>mentesque</strong></span> <span class='ocrx_word' id='word_1_218' title='bbox 502 3663 603 3727; x_wconf 91' lang='lat' dir='ltr'><strong>deum</strong></span> <span class='ocrx_word' id='word_1_219' title='bbox 621 3676 814 3729; x_wconf 87' lang='lat' dir='ltr'><strong>scrutantur</strong></span> <span class='ocrx_word' id='word_1_220' title='bbox 830 3665 863 3730; x_wconf 89' lang='lat' dir='ltr'><strong>in</strong></span> <span class='ocrx_word' id='word_1_221' title='bbox 881 3666 959 3733; x_wconf 90' lang='lat' dir='ltr'><strong>illis.</strong></span> 
     </span>
     <span class='ocr_line' id='line_1_34' title="bbox 70 3766 997 3840; baseline 0.01 -10"><span class='ocrx_word' id='word_1_222' title='bbox 70 3767 162 3832; x_wconf 90' lang='lat' dir='ltr'><strong>unde</strong></span> <span class='ocrx_word' id='word_1_223' title='bbox 179 3766 288 3833; x_wconf 87' lang='lat' dir='ltr'><strong>fames</strong></span> <span class='ocrx_word' id='word_1_224' title='bbox 305 3768 434 3833; x_wconf 91' lang='lat' dir='ltr'><strong>homini</strong></span> <span class='ocrx_word' id='word_1_225' title='bbox 450 3767 628 3833; x_wconf 88' lang='lat' dir='ltr'><strong>vetitorum</strong></span> <span class='ocrx_word' id='word_1_226' title='bbox 644 3781 737 3835; x_wconf 91' lang='lat' dir='ltr'><strong>tanta</strong></span> <span class='ocrx_word' id='word_1_227' title='bbox 754 3771 906 3837; x_wconf 92' lang='lat' dir='ltr'><strong>ciborum</strong></span> <span class='ocrx_word' id='word_1_228' title='bbox 924 3773 997 3840; x_wconf 83' lang='lat' dir='ltr'><strong>est?</strong></span> 
     </span>
     <span class='ocr_line' id='line_1_35' title="bbox 70 3873 917 3966; baseline 0.008 -29"><span class='ocrx_word' id='word_1_229' title='bbox 70 3873 204 3940; x_wconf 88' lang='lat' dir='ltr'><strong>audetis</strong></span> <span class='ocrx_word' id='word_1_230' title='bbox 219 3874 325 3951; x_wconf 91' lang='lat' dir='ltr'><strong>vesci,</strong></span> <span class='ocrx_word' id='word_1_231' title='bbox 344 3895 455 3962; x_wconf 87' lang='lat' dir='ltr'><strong>genus</strong></span> <span class='ocrx_word' id='word_1_232' title='bbox 471 3873 504 3939; x_wconf 94' lang='grc' dir='ltr'>Ο</span> <span class='ocrx_word' id='word_1_233' title='bbox 521 3875 686 3941; x_wconf 87' lang='lat' dir='ltr'><strong>mortale?</strong></span> <span class='ocrx_word' id='word_1_234' title='bbox 709 3878 801 3964; x_wconf 92' lang='lat' dir='ltr'><strong>quod</strong></span> <span class='ocrx_word' id='word_1_235' title='bbox 821 3878 917 3966; x_wconf 90' lang='lat' dir='ltr'><strong>(oro)</strong></span> 
     </span>
    </p>
   </div>
   <div class='ocr_carea' id='block_1_3' title="bbox 0 0 1242 4148">
    <p class='ocr_par' dir='ltr' id='par_1_3' title="bbox 0 0 1242 4148">
     <span class='ocr_line' id='line_1_36' title="bbox 0 0 1242 4148; baseline 0 4"><span class='ocrx_word' id='word_1_236' title='bbox 0 0 1242 4148; x_wconf 95' lang='lat' dir='ltr'><strong> </strong></span> 
     </span>
    </p>
   </div>
  </div>
 </body>
</html>
