2476 4148
108 127 150 197 52
376 110 447 178 Tae
480 111 697 199 Wandcrr'ng
716 112 764 197 of
782 110 897 177 Ceres.
1016 126 1161 211 [atem

108 317 142 371 et
159 317 302 372 matrem
318 318 351 372 et
367 308 520 383 comites,
539 308 601 373 sed
618 318 761 371 matrem
777 305 928 391 saepius,
946 325 1008 371 ore

109 414 254 487 clamat;
279 425 312 479 et
326 426 363 478 ut
379 434 513 478 summa
529 425 659 478 vestem
676 413 821 476 laniarat
837 413 881 476 ab
896 431 971 488 ora,

109 519 242 584 collecti
258 519 359 584 flores
375 519 499 583 tunicis
516 519 672 584 cecidere
689 516 852 583 remissis.

108 636 268 711 tantaque
286 625 485 710 simplicitas
503 624 689 710 puerilibus
708 624 814 697 adfuit
829 622 943 703 anub,
1107 655 1161 709 400

108 731 195 794 haec
212 752 346 815 quoque
362 731 556 816 virgineum
573 729 678 793 movit
689 728 825 815 jactura
840 729 1005 795 dolorem.

153 836 287 920 Raptor
304 837 375 923 agit
392 857 524 909 currus,
543 846 575 898 et
591 834 729 899 nomine
746 856 917 922 quemque
933 844 1077 907 vocatos,

107 944 305 1007 exhortatur
322 963 440 1028 equos,
459 962 604 1026 quorum
620 961 682 1025 per
699 941 788 1031 colla
800 940 973 1033 jubasque

107 1049 235 1113 excutit
250 1049 396 1112 obscura
412 1047 534 1111 tinctas
550 1046 726 1134 ferrugine
743 1047 911 1113 habenas.

107 1175 236 1241 perque
252 1155 348 1218 lacus
366 1153 451 1217 altos
469 1165 502 1216 et
517 1153 644 1218 olentia
661 1153 790 1223 sulfure
806 1153 912 1219 fertur
1105 1182 1159 1243 405

107 1269 231 1343 stagna
247 1256 457 1330 Palicorum,
475 1267 576 1340 rupta
593 1256 758 1321 ferventia
774 1266 885 1330 terra3

108 1374 140 1429 et
155 1384 222 1449 qua
240 1362 474 1438 Bacchiadae,
492 1356 614 1426 bimari
632 1384 719 1449 gens
734 1372 807 1427 orta
824 1360 1005 1441 Corinthu,

106 1469 194 1533 inter
210 1469 408 1554 inaequales
424 1480 610 1553 posuerunt
626 1468 767 1533 moenia·
777 1480 907 1555 portua.
950 1534 954 1539 ,

113 1614 116 1619 ·
152 1575 214 1640 Est
231 1575 381 1640 medium
399 1574 539 1661 Cyanes
557 1585 590 1639 et
606 1574 750 1639 Pisaeae
767 1573 976 1651 Arethusae,

107 1683 197 1768 quod
216 1682 282 1746 coit
299 1682 453 1768 angustis
470 1681 639 1745 inclusum
658 1681 817 1747 cornibus
834 1701 975 1767 aequor.
1106 1712 1162 1765 410

107 1786 163 1849 hic
180 1786 253 1860 suit,
273 1806 293 1848 a
310 1785 407 1872 cujus
425 1796 585 1871 stagnum
602 1805 737 1871 quoque
754 1784 893 1857 nomine
909 1785 1037 1861 dictum
1054 1796 1119 1862 est,

106 1890 193 1954 inter
209 1890 379 1955 Sicelidas
396 1890 518 1976 Cyane
535 1890 758 1955 celeberrima
775 1891 957 1976 nymphas.

107 1996 244 2083 gurgite
260 2018 349 2082 quae
367 1997 480 2062 medio
496 2017 632 2061 summa
647 2007 746 2060 tenus
763 1995 890 2064 exstitit
905 1997 996 2073 alvu,

106 2102 313 2189 agnovitque
330 2105 452 2168 deam:
479 2113 487 2142 ‘
502 2101 579 2167 Nec
594 2102 731 2188 longius
748 2099 856 2165 ibitis'
871 2093 1000 2187 iuquit3

107 2220 197 2273 ‘non
217 2221 312 2294 potes
329 2209 455 2273 invitae
473 2207 609 2275 Cereris
626 2229 734 2294 gener
750 2228 847 2272 esse:
870 2207 1043 2293 roganda,
1105 2238 1160 2294 413

105 2299 174 2381 non
192 2316 358 2401 rapienda
375 2315 449 2379 suit.
499 2313 605 2398 Qud
621 2314 649 2378 si
667 2333 873 2397 componere
890 2311 1028 2400 magnis

105 2444 211 2508 parva
230 2423 312 2486 mihi
329 2423 380 2487 sas
398 2432 459 2496 est,
478 2432 510 2486 et
527 2442 581 2485 me
598 2419 716 2484 dilexit
731 2417 886 2502 Anapisr

106 2542 245 2595 exorata
262 2542 389 2604 tamen,
407 2549 485 2602 nec,
503 2538 541 2591 ut
556 2526 656 2601 haec,
674 2525 833 2601 exterrita
850 2522 975 2609 nupsi?
1052 2576 1056 2583 .

106 2635 202 2711 dixit,
221 2648 254 2701 et
271 2636 305 2699 in
323 2645 436 2720 partes
453 2634 606 2698 diversas
622 2632 785 2696 bracchia
800 2631 944 2696 tendens

104 2741 241 2808 obstitit.
293 2741 398 2805 Haud
414 2741 501 2804 ultra
518 2738 627 2803 tenuit
642 2736 941 2816 Saturniusiram,
1104 2767 1161 2822 420

105 2848 339 2933 terribilesque
356 2847 507 2911 hortatus
524 2866 629 2930 equos
645 2844 681 2907 iu
697 2842 843 2931 gurgitis
860 2842 929 2907 ima

105 2965 294 3018 contortum
312 2952 425 3017 valido
442 2962 614 3036 sceptrum
632 2951 750 3037 regale
767 2951 893 3014 lacerto

105 3060 267 3125 condidit.
317 3058 389 3123 Icta
406 3058 496 3122 viam
513 3058 613 3122 tellus
630 3057 664 3121 in
682 3038 828 3121 Tartara
846 3055 937 3131 fecit,

105 3176 138 3230 et
154 3188 279 3250 pronos
297 3186 414 3229 currus
432 3164 545 3228 medio
561 3175 692 3227 cratere
708 3161 851 3246 recepit.
953 3214 956 3219 .

149 3270 196 3335 At
212 3271 333 3357 Cyane
350 3284 551 3356 raptamque
568 3271 669 3334 deam
686 3278 950 3353 contemptaque
965 3265 1068 3334 sontis
1101 3298 1153 3355 425
1228 3280 1235 3295 ‘

100 3377 177 3464 jura
195 3378 246 3442 sui
264 3398 433 3452 maerens,
452 3375 696 3441 inconsolabile
713 3376 837 3440 vulnus

104 3495 217 3547 mente
233 3483 321 3570 gerit
336 3482 450 3557 tacita,
469 3481 686 3567 lacrimisque
704 3481 892 3545 absumitur
907 3479 1041 3554 omnis;

103 3601 136 3655 et
152 3611 295 3675 quarum
313 3589 423 3657 suerat
440 3609 603 3673 magnum
622 3588 723 3651 modo
740 3608 880 3660 numen,
899 3586 934 3650 in
951 3587 1029 3669 illas

103 3708 305 3761 extenuatur
322 3715 439 3781 aquas.
490 3693 619 3757 Molliri
636 3694 789 3759 membra
805 3693 955 3769 videres,

102 3825 180 3869 ossa
196 3802 266 3889 pati
282 3802 404 3878 flexus,
424 3820 558 3888 ungues
574 3799 730 3884 posuisse
746 3798 918 3886 rigorem:
1100 3830 1154 3884 430
