2476 4148
130 138 155 200 1.
175 159 200 214 3,
214 146 273 217 24]
428 124 725 211 Bam'slredfrom
748 122 871 191 Rome.

509 419 573 485 IV.
622 419 792 484 Tursrrn.

180 575 249 628 Tua
266 574 373 628 Tristia
395 575 429 645 (“
440 575 611 643 Complaints
622 575 653 645 '’)
670 591 716 628 are
729 573 782 627 five
800 572 891 628 books
910 569 943 624 of
958 585 1055 640 poems
1069 540 1179 628 written

127 661 228 732 during
248 663 346 715 Ovid's
364 662 431 732 long
448 661 637 716 banishment.
684 663 768 716 Some
786 660 819 714 os
834 661 909 713 them
928 660 999 713 have
1018 662 1100 714 much
1120 660 1178 715 bio-

126 747 268 818 graphical
286 749 410 815 interest,
423 748 480 801 and
498 748 535 802 all
552 765 599 802 are
617 747 667 801 full
685 748 718 800 of
732 747 864 816 personat
875 746 997 817 feeling;
1017 748 1177 802 sometimes

126 843 321 900 monotonous‚
335 833 433 902 abject,
447 828 502 889 and
515 835 655 906 unmanly,
669 849 746 888 more
764 833 841 887 often
859 850 878 887 a
894 835 1014 906 genuine
1031 834 1086 888 and
1104 844 1178 889 most

126 920 249 987 pathetic
273 922 440 988 expression
464 921 497 974 of
518 922 564 975 the
589 937 710 974 sorrows
735 918 768 972 of
791 920 872 974 exile.
920 921 1106 992 (Respecting
1130 923 1177 977 the

126 1022 225 1060 causes
238 1007 294 1060 and
306 1008 524 1062 circumstances
537 1007 570 1062 of
584 1006 683 1061 Ovid’s
696 1006 884 1075 banishment,
897 1023 946 1062 see
959 1006 1004 1062 the
1019 1006 1101 1078 Life.)

337 1224 368 1268 1.
393 1201 691 1288 Banz'sbedsrom
714 1200 826 1269 Rome
851 1200 893 1292 (i.
912 1201 965 1290 3).

198 1410 274 1477 UM
290 1410 379 1477 subit
394 1410 484 1477 illius
500 1408 691 1476 tristissima
707 1411 815 1477 noctis
831 1411 962 1500 imago,
983 1431 987 1436 ”

244 1518 324 1604 Qua
341 1517 425 1582 mihi
442 1538 640 1603 supremum
656 1528 790 1603 tempus
806 1516 842 1582 in
857 1516 954 1583 Urbe
971 1516 1045 1593 suit,

124 1623 214 1691 Cum
232 1639 346 1710 repeto
363 1636 512 1700 noctem,
530 1645 598 1710 qua
614 1633 662 1689 tot
678 1622 760 1687 mihi
778 1645 857 1689 cara
874 1623 1008 1709 reliqui,

169 1731 313 1796 Labitur
329 1753 373 1796 ex
390 1731 497 1796 oculis
515 1753 607 1796 nunc
623 1749 757 1818 quoque
776 1741 872 1818 gutta
888 1729 986 1794 meis.

119 1837 197 1925 Jam
217 1858 322 1923 prope
338 1838 399 1902 lux
417 1839 547 1911 aderat,
566 1858 633 1924 qua
649 1817 705 1901 ine
723 1837 900 1902 discedere
917 1833 1051 1901 Caesar
1160 1864 1174 1922 ς

132 1972 134 1977 ·
169 1944 311 2008 Finibus
328 1956 503 2008 extremae
515 1945 664 2032 jusserat
679 1941 868 2008 Ausoniae.

124 2050 201 2115 Nec
218 2050 364 2136 spatium
380 2051 503 2125 fuerat,
521 2072 587 2115 nec
604 2072 700 2115 mens
717 2049 797 2114 satis
815 2059 894 2135 apta
910 2047 1077 2134 parandis

168 2158 386 2241 Torpuerant
402 2158 508 2242 longa
525 2143 664 2242 pectora
680 2167 795 2220 nostra
812 2176 919 2220 mora.

124 2262 205 2327 Non
223 2262 305 2326 mihi
323 2283 511 2336 servorum,
531 2263 663 2325 comitis
680 2283 748 2324 non
765 2281 847 2325 cura
863 2258 1015 2346 legendi,

168 2368 250 2435 Non
268 2380 367 2454 aptae
384 2368 531 2454 profugo
547 2365 650 2431 vestis
666 2365 783 2451 opisve
801 2364 873 2445 fuit.
1143 2396 1175 2435 10

123 2472 204 2540 Non
221 2475 317 2540 aliter
333 2473 460 2560 stupui,
479 2493 582 2560 quam
599 2470 656 2559 qui
668 2471 763 2558 Jovis
780 2471 918 2559 ignibus
935 2469 1022 2536 ictus

166 2581 273 2656 Vivit,
293 2592 324 2645 et
341 2592 391 2646 est
406 2580 495 2645 vitae
513 2576 649 2644 nescius
665 2578 738 2664 ipse
756 2597 851 2669 suae.

122 2687 170 2753 Ut
186 2699 299 2752 tamen
317 2690 407 2752 hanc
426 2685 530 2752 animi
547 2685 673 2751 nubem
691 2684 788 2751 dolor
803 2685 877 2768 ipse
894 2684 1049 2763 removit,

168 2794 211 2858 Et
227 2796 363 2859 tandem
382 2816 503 2859 sensus
520 2793 726 2858 convaluere
745 2792 833 2866 mei;

122 2898 302 2983 Adloquor
318 2911 508 2963 extremum
528 2911 675 2962 maestos
693 2898 844 2961 abiturus
861 2895 1003 2972 amicos,
1144 2922 1173 2981 ις

170 3003 240 3088 Qi
258 3005 358 3067 modo
375 3004 418 3069 de
435 3005 549 3069 multis
565 3025 655 3067 unus
671 3015 704 3066 et
720 3004 804 3065 alter
820 2985 934 3066 erant(

123 3107 223 3171 Uxor
239 3128 359 3172 amans
375 3108 512 3173 flentem
529 3109 615 3173 flens
634 3108 746 3173 acrius
763 3107 838 3190 ipsa
854 3106 1003 3181 tenebat,

171 3213 284 3278 Imbre
301 3236 361 3299 per
377 3216 537 3302 indignas
552 3236 661 3302 usque
679 3214 822 3280 cadente
839 3231 969 3299 genas;

124 3321 215 3386 Nata
232 3322 351 3407 procul
368 3321 510 3408 Libycis
528 3323 644 3386 aberat
660 3322 796 3387 diversa
813 3318 973 3395 suberis,

168 3429 245 3494 Nec
261 3439 392 3514 poterat
407 3428 467 3492 sati
484 3428 605 3493 certior
621 3450 696 3493 esse
713 3428 793 3493 mei.
1139 3460 1173 3498 20

125 3534 356 3620 Quocumque
370 3534 554 3619 aspiceres,
573 3535 684 3599 luctus
701 3534 919 3620 gemitusque
934 3533 1115 3610 sonabant,

168 3641 361 3726 Formaque
377 3661 446 3704 non
462 3639 553 3704 taciti
571 3640 700 3704 funeris
716 3639 806 3705 intus
824 3650 920 3704 erat.¹

123 3747 267 3811 Femina
284 3747 403 3832 virque
420 3767 508 3821 meo,
528 3746 625 3830 pueri
641 3766 777 3832 quoque
792 3746 913 3811 sunere
930 3758 1105 3823 maerente

168 3849 275 3937 Inque
293 3851 394 3915 domo
411 3848 571 3914 lacrimas
588 3848 737 3936 angulus
753 3847 864 3914 omnis
882 3849 1004 3914 habet:
