2476 4148
92 105 139 196 98
382 105 541 194 Orpheus
564 108 638 171 rand
658 106 851 195 Eurydica.
1002 123 1148 207 [Manen.

96 301 206 366 exitus
223 300 377 385 auspicio
394 303 551 388 gravior3
577 323 658 366 nam
674 311 793 387 nupta,
812 323 873 387 per
889 303 1015 368 herbas

97 408 178 471 dum
195 427 283 471 nova
301 408 465 471 naiadum
482 408 580 470 turba
598 408 758 472 comitata
773 419 933 499 vagatur,

96 513 232 587 occidit,
251 513 286 575 in
304 512 409 575 talum
428 513 593 597 serpentis
611 513 711 577 dente
729 524 879 597 recepto.
1118 545 1151 584 10

144 617 260 700 Qum
277 617 358 682 satis
375 617 419 680 ad
437 638 578 701 superas
596 629 776 703 postquam
793 617 1021 703 Rhodopeius
1038 640 1142 685 auras

97 725 235 789 deflevit
250 735 358 799 vates,
378 744 420 786 ne
437 744 506 786 non
524 733 705 808 temptaret
721 733 754 788 et
769 724 921 799 umbras,

98 832 142 896 ad
159 830 272 917 Styga
287 829 462 894 Taenaria
479 838 530 892 est
547 849 650 893 ausus
668 829 877 894 descendere
894 841 1012 914 porta3

96 957 225 1023 perque
242 937 335 1000 leves
352 936 496 1020 populos
513 934 765 1020 simulacraque
782 935 898 1000 functa
914 937 1075 1020 sepulcro

96 1041 341 1127 Persephonen
360 1042 454 1116 adiit,
472 1041 723 1127 inamoenaque
740 1061 849 1131 regna
864 1051 1037 1106 tenentem
1119 1071 1149 1129 ις

96 1149 295 1228 umbrarum
313 1139 503 1212 dominum.
552 1145 734 1231 Pulsisque
751 1147 796 1212 ad
813 1146 967 1213 carmina
984 1147 1100 1215 nervis

97 1254 147 1318 sic
164 1253 230 1316 ait:
256 1253 312 1318 ‘O
329 1253 428 1337 positi
445 1254 507 1317 sub
524 1263 611 1317 terra
629 1252 772 1316 numina
789 1253 921 1328 mundi,

96 1359 132 1423 in
149 1380 249 1445 quern
267 1359 462 1433 recidimus,
481 1358 642 1444 quicquid
661 1357 802 1421 mortale
819 1378 997 1434 creamur;

98 1465 232 1540 silicet,
253 1475 285 1529 et
301 1465 377 1529 salsi
394 1464 511 1549 positis
529 1462 732 1550 ambagibus
749 1463 817 1528 oris

97 1591 179 1634 vera
196 1571 288 1657 loqui
305 1571 424 1644 sinitis,
444 1593 512 1634 non
529 1571 615 1644 huc,
628 1580 789 1653 utopaca
806 1567 959 1634 viderem
1116 1602 1152 1644 20

97 1676 257 1750 Tartara,
277 1676 451 1751 descendi,
470 1698 534 1740 nec
551 1677 599 1740 uti
615 1675 735 1741 villosa
752 1674 903 1740 colubris

96 1793 193 1846 terna
210 1781 390 1846 Medusaei
408 1781 571 1846 vincirem
590 1792 726 1869 guttura
743 1780 896 1846 monstri.

98 1907 202 1952 causa
219 1887 295 1951 viae
313 1887 476 1974 conjunx,
494 1887 530 1950 in
547 1908 650 1973 quarn
667 1886 799 1951 calcata
815 1906 989 1953 venenum

97 1992 215 2077 vipera
231 1992 377 2067 diffudit,
397 2003 656 2078 crescentesque
673 1992 811 2057 abstulit
827 2013 948 2058 annos.

98 2118 197 2183 posse
215 2098 284 2183 pati
301 2098 407 2172 volui,
426 2119 490 2162 nec
507 2120 561 2162 me
578 2109 762 2183 temptasse
779 2100 938 2185 negab0=
1114 2131 1150 2188 25

97 2204 178 2270 vicit
193 2203 313 2268 Amor.
364 2204 498 2289 Supera
516 2206 599 2269 deus
617 2205 673 2269 hic
688 2205 776 2269 bene
794 2217 893 2270 notus
911 2206 946 2270 in
962 2227 1024 2272 ora
1040 2219 1113 2274 est.

98 2331 142 2374 an
160 2310 201 2375 sit
217 2310 334 2385 ethic,
353 2310 481 2384 dubito,
501 2311 561 2375 sed
578 2321 611 2374 et
627 2311 683 2374 hic
699 2322 815 2375 tamen
833 2332 985 2400 auguror
1000 2335 1090 2380 esse.

97 2416 299 2502 famaque
272 2439 301 2480 sr
317 2417 439 2481 veteris
456 2438 525 2481 non
542 2427 592 2481 est
609 2417 748 2482 mentita
765 2417 920 2503 rapinae,

97 2545 157 2589 vos
183 2544 318 2609 quoque
345 2517 458 2609 junxit
480 2518 597 2586 Amor.
643 2522 710 2589 Per
738 2546 804 2612 ego
828 2525 915 2591 haec
940 2526 1019 2598 loca
1044 2526 1151 2613 plena

231 2628 375 2703 timoris

97 2755 159 2818 per
175 2733 292 2799 Chaos
309 2736 374 2799 hoc
391 2736 527 2822 ingens,
545 2736 701 2824 vastique
718 2737 853 2804 silentia
869 2736 982 2827 regni,
1113 2771 1150 2826 30

17 2902 21 2907 ,
97 2837 301 2923 Eurydicen,
320 2860 391 2912 oro,
412 2851 592 2923 properata
608 2842 750 2907 retexite
768 2843 850 2907 sata.

51 3031 53 3035 y
97 2943 212 3007 omnia
230 2945 393 3008 debemur
408 2946 517 3021 vobis,
536 2948 746 3034 paulumque
764 2948 884 3015 morati

98 3050 205 3114 serius
223 3060 281 3114 aut
296 3050 394 3115 citius
412 3051 528 3115 sedern
545 3075 770 3138 properamus
787 3055 831 3119 ad
848 3075 966 3123 unam.

97 3156 267 3220 tendimus
284 3157 352 3220 huc
369 3178 501 3233 omnes,
521 3160 607 3224 haec
624 3173 675 3225 est
691 3162 812 3225 domus
829 3162 969 3236 ultima;
994 3181 1125 3266 vosque

98 3262 237 3324 humani
256 3263 392 3348 generis
409 3264 611 3351 longissima
629 3287 737 3353 regna
751 3262 887 3332 tenetis.
1115 3297 1148 3354 35

98 3365 185 3428 haec
201 3385 349 3451 quoque,
368 3387 446 3430 curn
460 3368 579 3454 justos
587 3380 718 3433 matura
735 3370 906 3488 peregerit
922 3391 1045 3447 annue,

96 3469 181 3557 juris
197 3470 259 3533 erit
275 3472 389 3536 vestri.
440 3472 507 3538 Pro
525 3495 665 3538 munere
682 3476 855 3560 poscimus
872 3498 985 3541 usum.

97 3576 188 3660 quod
206 3575 234 3640 si
250 3576 319 3642 fata
336 3590 466 3665 negant
482 3580 618 3644 veniam
635 3602 697 3665 pro
714 3582 875 3669 conjuge,
894 3594 1024 3647 certum
1042 3592 1094 3647 est

97 3682 188 3746 nolle
205 3684 316 3749 redire
334 3685 438 3749 mihi:
464 3685 530 3749 leto
546 3687 694 3772 gaudete
711 3688 882 3753 duorum!
1102 3765 1104 3768 Α

141 3788 244 3857 Talia
262 3791 432 3857 dicentem
449 3813 639 3880 nervosque
657 3794 701 3859 ad
716 3795 823 3860 verba
840 3805 1033 3861 moventem
1114 3825 1151 3880 40
