2476 4148
106 168 174 230 XV.
189 167 263 238 207.]
415 146 450 214 Τ
443 148 491 213 ha
514 146 709 234 Cluangr‘ngr·
724 144 883 213 Saasons.
1061 217 1063 222 ,
1092 163 1154 232 141

107 345 258 433 parcite*
269 344 447 420 vaticinor,
466 355 631 430 cognatas
649 343 758 408 caede
772 342 923 408 nefanda

107 453 290 519 exturbare
307 450 456 524 animas,
470 470 536 519 nec
553 450 723 536 sanguine
739 449 888 536 sanguis,
899 449 1020 514 alatur.
1107 475 1156 533 173

155 570 163 600 ‘
179 558 223 622 Et
238 557 400 644 quoniam
418 578 546 644 magno
562 557 653 621 feror
669 577 830 642 aequore,
848 557 1019 642 plenaque
1034 555 1145 620 ventis

105 666 185 730 vela
202 663 282 733 dedi
293 686 307 728 :2
326 662 424 728 Nihil
441 674 503 738 est,
524 673 592 727 toto
609 663 699 748 quod
716 673 842 747 perstet
858 663 893 726 in
910 663 1004 726 orbe.
1095 718 1100 728 .

106 747 230 837 cuncta
246 769 372 844 fluunt.
385 769 566 854 omnisque
581 789 716 855 vagans
733 769 901 833 formatur
911 769 1041 856 imago,

105 877 182 963 ipsa
199 895 334 962 quoque
351 874 489 943 assiduo
505 874 666 938 labuntur
681 886 839 959 tempora
853 886 958 951 motu,

105 1004 175 1048 non
193 1003 292 1046 secus
308 1001 350 1048 ac
365 980 506 1047 flumen.
555 979 685 1067 Neque
696 980 792 1044 enirn·
810 980 1154 1057 consistere-flumen,

105 1109 175 1153 nec
187 1088 272 1153 ievis
289 1088 377 1176 hora¹
390 1097 519 1170 potest3
547 1087 612 1151 sed
625 1097 663 1150 ut
677 1088 772 1151 unda
787 1087 972 1172 impellitur
987 1087 1094 1163 unda,

105 1205 339 1280 urgueturque
356 1193 478 1261 eadem
494 1193 636 1258 veniens
652 1205 844 1280 urgeretque
860 1193 1008 1278 priorem
1021 1229 1074 1244 -ι

104 1311 260 1384 tempora
277 1300 326 1364 sic
342 1298 481 1386 fugiunt
494 1298 633 1384 pariter,
652 1300 846 1386 pariterque
863 1311 1063 1386 sequuntur,

105 1417 140 1473 et
155 1426 244 1470 nova
260 1415 339 1475 sunt
355 1426 513 1490 semper3
529 1426 611 1468 narn
627 1406 719 1491 quod
735 1404 798 1470 fuit
814 1417 904 1480 ante,
918 1407 1073 1471 relictum
1090 1417 1154 1483 est,

105 1513 223 1598 fitque,
238 1511 334 1597 quod
342 1511 438 1579 haud
448 1511 570 1586 iuerat,
587 1522 828 1597 momentaque
841 1522 964 1576 cuncta
976 1524 1155 1577 novantur.

152 1629 162 1658 ‘
178 1616 301 1682 Cernis
318 1627 351 1681 et
367 1637 526 1685 emensas
542 1617 577 1681 in
594 1617 707 1682 lucern
723 1619 864 1683 tendere
878 1628 1008 1694 noctes,
1159 1607 1160 1610 ¹

106 1735 140 1791 et
151 1724 254 1812 jubar
270 1724 337 1789 hoc
353 1723 502 1790 nitiduno
514 1723 635 1810 nigrae
652 1723 969 1800 succederenoctio

105 1851 171 1896 nec
188 1831 281 1897 color
297 1839 347 1900 est
363 1829 455 1899 idem
473 1831 583 1905 caelo,
602 1831 789 1896 cumdassa
805 1831 925 1917 quiete

105 1948 229 2004 cuncta
241 1935 359 2024 jacent
375 1936 507 2012 medis,
520 1957 668 2022 cumque
686 1938 766 2002 albo
781 1936 923 2003 Lucifer
938 1937 1009 2002 exit

106 2044 220 2110 clarus
236 2064 345 2129 equ03
371 2064 558 2128 rursusque
574 2043 675 2119 alius,
693 2065 772 2109 cum
790 2044 933 2129 praevia·
945 2044 1032 2110 lucis
1108 2077 1161 2130 190

105 2149 314 2215 tradendum.
326 2147 473 2217 Phoebo
485 2148 674 2215 Pallantias
691 2149 799 2215 inficit
813 2151 951 2216 orbern„

105 2257 181 2341 ipse
197 2256 252 2322 dei
269 2255 404 2341 clipeus
416 2265 506 2320 terra
523 2276 603 2320 erun
619 2255 745 2320 tollitur
762 2256 831 2320 irna

106 2357 209 2426 mane
226 2361 510 2446 rubentemque
527 2360 625 2425 rubet
641 2380 721 2425 cum
737 2360 894 2425 conditur
909 2358 999 2435 ima3

107 2468 275 2534 candidus
292 2468 326 2531 in
343 2489 479 2536 summo
495 2477 559 2543 est,
577 2466 698 2532 melior
713 2476 835 2530 natura
851 2468 942 2552 quod
958 2468 1036 2532 ill-ic·

108 2573 255 2640 aetheris
272 2585 333 2650 est,
351 2585 531 2660 terraeque
548 2573 667 2658 procul
684 2572 847 2660 contagia
861 2572 961 2660 fugit.
1108 2603 1164 2662 195

107 2705 172 2752 nec
189 2706 252 2770 par
267 2694 326 2750 aut
341 2685 467 2749 eadem¹
481 2693 669 2748 nocturnae
686 2682 795 2746 forma
812 2681 951 2753 Dianae

108 2812 183 2857 esse
201 2801 310 2877 potest
325 2811 512 2877 umquam3
538 2810 741 2876 semperque
759 2788 924 2853 hodierna
942 2797 1118 2875 sequente,

108 2897 136 2965 si
153 2898 287 2973 crescit,
306 2898 416 2962 minor
432 2908 495 2973 est,
514 2896 638 2984 major,
655 2896 688 2960 si·
701 2895 871 2960 contrahit
885 2896 1014 2962 orbern.

155 3016 164 3046 ‘
182 3003 299 3088 Quid?
322 3005 443 3069 nonin
459 3005 593 3090 species
609 3006 794 3070 succedere
811 3016 968 3092 quattuor
985 3026 1116 3069 annum>

108 3111 249 3196 aspicis,
268 3111 389 3175 aetatis
405 3120 628 3196 peragentem
645 3111 835 3175 imitamina
851 3110 1016 3176 nostrae?
1107 3144 1160 3183 200

108 3237 189 3279 nam
206 3227 303 3284 tener
319 3227 352 3281 et
366 3217 497 3280 lactens
514 3216 678 3302 puerique
695 3215 888 3282 simillimus
905 3212 999 3284 aevo
1165 3305 1167 3309 Ι

107 3321 201 3388 Vere
218 3344 307 3388 novo
323 3333 394 3396 est3
420 3332 500 3387 tunc
517 3323 623 3386 herba
640 3344 761 3388 recens
777 3335 811 3389 et
825 3324 962 3389 roboris:
973 3346 1097 3411 expers

108 3439 235 3515 turget,
254 3439 286 3493 et
302 3428 448 3493 insolida
465 3439 527 3503 est,
547 3438 583 3493 et
595 3450 656 3513 spe
673 3430 821 3494 delectat
834 3442 999 3520 agrestes.

108 3536 225 3599 omnia
240 3546 322 3599 tunc
337 3534 470 3608 florent,
488 3534 679 3620 florumque
696 3536 867 3601 coloribus
883 3537 993 3602 almus
1035 3611 1040 3621 ,

108 3642 195 3709 ludit
211 3663 307 3727 ager,
327 3660 442 3726 neque
454 3641 569 3707 adhuc
584 3640 689 3705 virtus
705 3641 741 3704 in
757 3641 934 3707 frondibus
950 3644 1022 3708 ulla
1038 3655 1100 3711 est,

88 3735 89 3740 ἵ
109 3747 230 3812 transit
246 3746 281 3810 in
297 3744 474 3815 Aestatem
492 3756 571 3830 post
584 3767 645 3810 ver
661 3747 829 3813 robustior
846 3769 957 3813 annus

109 3853 213 3940 fitque
229 3852 350 3921 valens
362 3850 498 3940 junenis
509 3872 526 3926 3³
543 3871 656 3938 neque
672 3851 764 3918 enirn
780 3853 948 3920 robustior
964 3863 1063 3920 aetas·
