2476 4148
118 92 163 166 54
376 75 451 142 ¹The
485 76 702 163 Wundering
721 75 768 161 of
787 73 903 142 Ceres.
1025 22 1170 166 [Meam

116 273 209 338 venit
225 284 258 338 et
275 273 318 338 ad
335 271 491 359 Cyanen.
539 271 591 336 Ea
609 271 643 335 ni
660 281 789 336 mutata
806 270 935 346 fuisset,
1117 291 1169 361 465

116 380 232 444 omnia
249 390 439 453 narrasset3
465 379 526 443 sed
544 387 576 442 et
592 400 630 443 os
646 389 679 442 et
695 378 815 464 lingua
830 377 957 443 volenti

117 483 231 548 dicere
248 507 316 548 non
334 485 488 558 aderant,
507 504 571 548 nec
588 505 655 569 quo
672 484 879 568 loqueretur,
898 483 1060 550 habebat.
1087 486 1097 491 “

117 590 218 677 signa
233 601 348 654 tamen
366 589 546 654 manifesta
563 589 667 663 dedit,
687 599 871 674 notamque
887 590 1034 674 parenti,

116 695 175 761 illo
192 697 275 761 sorte
294 696 368 760 loco
386 696 562 780 delapsam
579 695 614 759 in
630 695 767 782 gurgite
783 715 895 770 sacm,

117 801 356 886 Persephones
372 823 494 865 zonam
512 802 655 865 summis
671 801 817 865 ostendit
832 799 867 864 in
884 801 998 866 undis.
1115 833 1170 889 470

116 929 220 994 quam
238 907 338 972 simul
357 907 509 993 agnovit,
526 917 702 992 tamquam
718 916 799 970 tunc
816 906 964 994 denique
981 919 1117 994 raptam

116 1014 247 1088 scisset,
266 1013 438 1078 inornatos
456 1012 597 1076 laniavit
612 1011 692 1077 diva
710 1011 865 1096 capillos

116 1131 149 1184 et
165 1119 306 1204 repetita
324 1119 393 1184 suis
411 1118 578 1204 percussit
594 1130 732 1202 pectora
749 1118 885 1203 palmis.

115 1225 224 1291 nescit
240 1226 354 1290 adhuc
371 1226 428 1289 ubi
445 1225 507 1299 sit;
532 1234 640 1288 terras
656 1235 771 1289 tamen
788 1224 944 1310 increpat
958 1246 1095 1304 omnes,
1170 1288 1173 1295 .

115 1331 336 1420 ingratasque
351 1341 463 1407 vocat,
482 1352 547 1396 nec
564 1330 702 1418 frugum
720 1352 861 1395 munere
878 1332 1024 1418 dignas:
1115 1363 1169 1421 475

114 1438 331 1504 Trinacriam
349 1449 427 1503 ante
445 1437 543 1512 alias,
561 1437 597 1500 in
614 1458 681 1523 qua
696 1436 843 1524 vestigia
859 1437 977 1503 damni

114 1545 273 1630 repperit.
322 1543 417 1632 Ergo
432 1544 503 1608 illic
519 1564 624 1608 saeva
639 1542 805 1607 vertentia
821 1543 942 1630 glebas

115 1650 217 1738 fregit
233 1660 345 1715 aratra
364 1672 482 1725 manu,
501 1649 668 1736 parilique
684 1648 770 1712 irata
787 1649 927 1714 colonos

115 1757 348 1842 ruricolasque
363 1758 469 1821 boves
486 1757 553 1821 leto
571 1755 675 1830 dedit,
695 1776 845 1841 arvaque
858 1756 959 1844 jussit

115 1862 234 1927 fallere
251 1863 456 1948 depositum,
474 1863 658 1948 vitiataque
675 1861 807 1926 semina
824 1862 915 1927 fecit.
1114 1883 1171 1949 48⁰

115 1968 268 2033 fertilitas
284 1980 394 2032 terrae
411 1970 516 2032 latum
533 1969 675 2055 vulgata
691 1988 754 2052 per
769 1969 887 2033 orbem

114 2074 203 2139 salsa
215 2074 328 2162 jacet3
353 2075 471 2159 primis
489 2087 624 2161 segetes
642 2074 832 2139 moriuntur
847 2074 882 2138 in
900 2073 1028 2150 herbis,

115 2190 148 2245 et
164 2181 266 2245 modo
282 2182 332 2245 sol
350 2181 487 2255 nimius,
502 2181 631 2247 ,nimius
649 2181 751 2245 modo
768 2180 906 2265 corripit
920 2181 1053 2262 imber;

115 2286 296 2374 sideraque
313 2288 473 2373 ventique
490 2299 626 2363 nocent,
646 2288 837 2373 avidaeque
852 2287 1010 2353 volucres

115 2395 247 2458 semina
260 2394 353 2481 jacta
369 2395 510 2482 legunt;
535 2395 652 2458 lolium
670 2393 851 2479 tribulique
868 2394 1014 2481 fatigant
1113 2413 1169 2484 485

114 2500 263 2564 triticeas
280 2522 422 2576 messes,
442 2513 475 2565 ct
490 2501 761 2587 inexpugnabile
779 2521 937 2588 gramen.

159 2606 251 2671 Turn
269 2618 371 2693 caput
387 2607 481 2674 Eleis
498 2608 666 2694 Alpheias
683 2609 800 2673 extulit
814 2608 929 2684 undis,
1008 2672 1010 2676 a

113 2725 334 2799 rorantesque
352 2735 469 2779 comas
486 2737 506 2780 a
522 2715 631 2781 fronte
649 2715 792 2780 removit
808 2718 852 2781 ad
869 2737 982 2793 aures,

115 2829 217 2904 atque
234 2819 300 2884 ait:
328 2820 383 2885 ‘O
399 2831 467 2886 toto
483 2823 658 2908 quaesitae
674 2822 818 2910 virginis
835 2824 917 2888 orbe

113 2936 147 2990 et
163 2925 301 3014 frugum
318 2927 479 3013 genitrix,
499 2928 683 2994 immensos
700 2929 779 2994 siste
795 2928 944 3005 laboreS,
1110 2959 1168 3020 490

113 3054 200 3097 neve
217 3034 276 3097 tibi
294 3034 383 3099 fidae
400 3034 548 3099 violenta
566 3035 714 3100 irascere
730 3047 862 3100 terrae:

112 3149 203 3203 terra
221 3140 305 3204 nihil
324 3141 458 3216 meruit,
478 3142 652 3228 patuitque
670 3141 775 3205 invita
792 3143 947 3227 rapinae.
1002 3156 1007 3164 '

113 3266 178 3310 nec
196 3268 270 3310 sum
288 3269 348 3332 pro
365 3247 475 3331 patria
492 3249 639 3332 supplex
651 3270 658 3321 ;
672 3249 753 3318 ,huc
769 3248 902 3333 hospita
917 3248 1017 3314 veni:

112 3349 193 3415 Pisa
211 3352 294 3415 mihi
311 3353 420 3437 patria
438 3364 500 3429 est,
519 3364 552 3418 et
570 3355 612 3417 ab
629 3353 729 3418 Elide
746 3354 902 3419 ducimus
920 3367 1025 3420 ortus.

113 3455 289 3522 Sicaniam
307 3458 489 3546 peregrina
507 3460 596 3535 colo,
614 3460 675 3523 sed
693 3459 822 3546 gratior
837 3461 931 3525 omni
1110 3488 1163 3548 495

112 3564 200 3628 haec
217 3563 300 3627 mihi
316 3575 405 3628 terra
418 3566 490 3629 solo
507 3577 568 3629 est.
619 3564 694 3630 Hos
708 3587 800 3630 nunc
812 3564 987 3631 Arethusa
1004 3578 1161 3650 penateS,

112 3669 204 3733 hunc
221 3670 332 3735 habeo
348 3671 485 3744 sedem3
511 3692 614 3756 quam
630 3682 679 3746 tu,
699 3672 888 3746 mitissima,
907 3694 1019 3743 serva.
1118 3668 1121 3674 ’

111 3787 203 3840 mota
220 3775 296 3841 loco
313 3776 467 3852 cursim,
485 3777 636 3862 tantique
653 3799 715 3861 per
731 3778 888 3864 aequoris
904 3779 1016 3843 undas
