2476 4148
111 137 158 217 *94
404 114 476 181 The
498 114 617 181 Deatlz
641 116 689 200 <ff
700 115 886 183 Hercules.
1021 136 1163 212 [Marma

113 332 268 397 pascere,
287 321 320 375 et
336 311 426 376 hanc
441 321 572 397 pestem
589 322 718 397 specta,
737 313 897 390 crudelis,
918 314 960 380 ab
978 314 1071 399 alto,

112 438 238 503 corque
255 417 364 481 serum
381 418 478 482 satia.
527 417 594 482 Vel
611 418 639 482 si
657 419 872 511 miserandus
891 432 924 506 et
940 421 1030 488 hosti
1092 500 1096 507 ‚

113 525 179 588 hoc
195 533 290 587 aestu
306 522 366 586 tibi
383 544 472 599 sum,
492 524 572 588 diris
590 525 794 589 cruciatibus
814 547 956 614 aegram

53 704 55 708 ,
111 630 324 715 invisamque
342 629 493 694 animam
510 641 692 717 natamque
709 632 882 698 laboribus
901 635 1009 719 auser.
1117 658 1165 712 180

112 759 203 802 mors
217 737 299 800 mihi
313 759 437 800 munus
451 737 533 801 erit:
552 737 649 802 decet
661 739 748 803 haec
767 741 850 806 dare
864 743 954 808 dona
968 764 1165 809 novercam.

112 865 196 931 ergo
214 865 279 930 ego
296 844 490 908 foedantem
507 843 690 930 peregrino
710 848 838 932 templa
857 869 977 931 cruore

40 940 43 946 ¹
112 949 250 1014 Busirin
267 948 404 1014 domui?
428 970 599 1036 saevoque
617 950 779 1017 alimenta
798 955 947 1038 parentis

110 1056 247 1121 Antaeo
264 1055 394 1140 eripui?
419 1076 483 1120 nec
500 1077 555 1120 me
572 1058 716 1140 pastoris
736 1059 858 1125 Hiberi
1152 1138 1154 1143 y

112 1163 221 1227 forma
237 1161 373 1246 triplex,
392 1182 457 1226 nec
473 1161 583 1226 forma
601 1163 724 1250 triplex
741 1177 812 1242 tua,
831 1166 994 1244 Cerbere‚
1014 1169 1142 1236 movit?

111 1290 230 1344 vosne,
249 1290 385 1343 manus,
403 1269 507 1334 validi
526 1271 694 1355 pressistis
712 1293 839 1337 cornua
857 1273 965 1338 tauri?
1215 1265 1219 1274 ’

111 1386 260 1440 vestrum
274 1397 360 1459 opus
378 1374 450 1440 Elis
465 1377 580 1453 hahet,
595 1388 745 1442 vestrum
760 1377 1019 1465 Stymphalides
1031 1382 1161 1460 undae,

112 1481 402 1568 Partheniumque
421 1482 564 1549 nemus?
588 1495 700 1548 vestra
716 1484 838 1549 virtute
854 1486 982 1552 relatus

110 1589 425 1654 Thermodontiaco
442 1591 593 1655 caelatus
610 1591 743 1655 balteus
760 1611 856 1668 auro,

111 1717 283 1784 pomaque
301 1698 343 1761 ab
361 1697 507 1762 insomni
525 1697 757 1763 concustodita
773 1697 944 1764 dracone?
1114 1732 1164 1788 199

112 1825 176 1870 nec
193 1804 276 1869 mihi
294 1803 457 1871 Centauri
475 1815 613 1891 potuere
630 1803 798 1880 resistere,
819 1825 883 1870 nec
900 1805 948 1869 mi

111 1912 286 1978 Arcadiae
301 1924 451 1978 vastator
468 1910 572 1996 aper?
596 1931 660 1975 nec
675 1911 800 1996 proluit
816 1911 949 1998 hydrae
1103 1999 1105 2004 s

112 2039 266 2085 crescere
283 2041 344 2107 per
361 2021 538 2092 damnum,
557 2017 781 2110 geminasque
798 2038 970 2083 resumere
987 2018 1101 2086 vires?

111 2127 207 2213 quid,
228 2148 307 2192 cum
323 2124 471 2191 Thracis
489 2146 593 2210 equos
611 2109 762 2188 humano
780 2123 949 2210 sanguine
966 2124 1116 2212 pingues

111 2234 282 2320 plenaque
299 2233 498 2318 corporibus
515 2230 636 2295 laceris
653 2229 834 2315 praesepia
850 2229 933 2306 vidi,
1113 2263 1161 2324 195

111 2339 253 2426 visaque
270 2340 392 2427 dejeci,
412 2339 655 2426 dominumque
672 2336 832 2422 ipsosque
850 2333 1003 2420 peremi?

112 2447 165 2510 his
181 2447 265 2511 elisa
278 2447 370 2533 jacet
387 2448 494 2531 moles
512 2444 687 2509 Nemeaea
705 2441 862 2517 lacertis3
943 2530 947 2536 Ι

112 2553 178 2616 hac
195 2554 329 2617 caelum
346 2554 479 2617 cervice
496 2551 569 2617 tuli.
619 2548 764 2614 Defessa
777 2548 929 2635 jubendo
947 2558 998 2613 est

112 2680 215 2722 saeva
227 2659 322 2744 Jovis
340 2659 509 2746 conjunx:
536 2680 602 2746 ego
619 2678 694 2722 sum
709 2655 901 2721 indefessus
919 2655 1068 2742 agendo.
1155 2736 1157 2742 k

112 2765 173 2829 sed
189 2786 278 2830 nova
294 2766 398 2850 pestis
416 2767 524 2841 adest,
543 2766 598 2830 cui
615 2784 679 2829 nec
695 2762 816 2826 virtute
833 2761 957 2837 resisti,
1110 2795 1162 2834 200

111 2892 176 2935 nec
192 2871 266 2936 telis
284 2871 455 2957 armisque
472 2882 592 2956 potest.
644 2869 869 2933 Pulmonibus
887 2877 977 2934 errat

111 2977 202 3064 ignis
218 2978 308 3042 edax
324 2976 414 3069 imis,
433 2999 561 3064 perque
578 2999 697 3042 omnes
715 2975 864 3061 pascitur
881 2985 985 3040 artus·

112 3094 146 3147 at
161 3084 252 3147 valet
268 3081 502 3170 Eurystheus!
528 3082 572 3147 Et
588 3094 685 3172 sunt,
697 3081 756 3170 qui
773 3081 912 3152 credere
928 3080 1060 3166 possint
1082 3165 1083 3169 Ἰ
1170 3105 1172 3109 ’

112 3210 186 3253 esse
203 3189 325 3254 deos?'
372 3188 480 3264 Dixit,
499 3210 627 3275 perque
645 3190 750 3253 altum
769 3187 905 3252 saucius
922 3185 1034 3252 Oeten

112 3295 204 3359 haud
222 3296 318 3361 aliter
334 3296 499 3382 graditur,
518 3317 621 3381 quam
639 3294 667 3360 si
685 3295 856 3360 venabula
873 3305 990 3388 taurus
1110 3324 1161 3385 ²05

112 3422 253 3486 corpore
268 3402 338 3465 fixa
355 3412 464 3488 gerat,
484 3401 631 3486 factique
648 3400 811 3487 refugerit
828 3410 956 3466 auctor.

112 3527 214 3590 saepe
230 3506 326 3570 illum
344 3507 491 3592 gemitus
506 3508 676 3579 edentem,
696 3527 799 3592 saepe
816 3507 1032 3584 frementem,
1106 3491 1109 3494 ’

112 3632 216 3696 saepe
232 3623 491 3696 retemptantem
507 3623 592 3677 totas
610 3611 798 3699 refringere
814 3626 939 3689 vestes,
963 3681 967 3687 ,
1029 3645 1032 3648 >

112 3727 385 3804 sternentemque
401 3718 527 3792 trabes,
546 3717 817 3808 irascentemque
834 3718 970 3785 videres

113 3824 297 3901 montibus,
316 3835 373 3888 aut
388 3823 498 3910 patrio
513 3824 708 3888 tendentem
724 3823 888 3889 bracchia
905 3826 1015 3892 caelo.
1088 3915 1092 3920 Ι
1112 3857 1164 3898 210
