2476 4148
87 125 143 181 lv.
155 126 214 198 95]
275 111 438 199 Meetr'ng
456 111 620 199 assigned
640 118 679 176 at
698 109 829 177 Mirrrs'
859 110 974 176 Tomb.
1099 127 1143 197 39

90 330 137 374 ex
153 330 264 396 aequo
281 309 388 395 captis
406 308 572 373 ardebant
588 307 757 373 mentibus
774 307 896 373 ambo:

90 415 252 481 conscius
267 416 378 481 omnis
396 415 491 479 abest
501 437 511 488 3
536 425 619 478 nutu
637 415 814 500 signisque
831 415 1029 501 loquuntur.

139 519 289 607 Ortoque
306 521 417 607 magis
434 519 572 608 tegitur,
590 530 697 585 tectus
715 520 826 606 magis
843 531 975 586 aestuat
990 521 1095 608 ignis.

90 626 194 690 fissus
211 637 284 689 erat
298 625 391 689 tenui
407 623 507 699 rima,
525 644 629 710 quam
646 623 791 688 duxerat
806 625 887 689 olim
1107 640 1142 711 65

91 752 173 796 cum
189 731 296 806 fieret,
315 730 428 815 paries
445 729 562 795 domui
579 729 770 795 communis
786 730 932 816 utrique.

91 836 128 902 id
144 836 263 901 vitium
281 835 364 900 n'ulli
381 856 443 921 per
459 836 598 901 saecula
614 836 718 922 longa
735 846 887 900 notatum
897 872 943 885 -

91 943 176 1030 quid
193 964 261 1007 non
279 942 379 1007 sentit
394 940 513 1007 amor?
525 930 569 990 έ-
579 941 680 1026 primi
696 941 840 1017 vidistis,
860 954 1028 1021 amantes,

92 1061 127 1114 et
141 1048 237 1114 vocis
254 1048 380 1113 fecistis
395 1048 479 1123 iter3
503 1058 661 1133 tutaeque
678 1068 740 1133 per
755 1048 840 1113 illud

93 1175 269 1221 murmure
284 1154 470 1221 blanditiae
487 1154 628 1219 minimo
645 1154 789 1219 transire
806 1155 972 1221 solebant.
1110 1187 1144 1241 70

93 1282 212 1347 saepe,
229 1260 288 1325 ubi
306 1260 537 1336 constiterant,
556 1260 637 1325 hinc
654 1260 798 1336 Thisbe,
817 1260 987 1347 Pyramus
1003 1260 1111 1338 illinc,
1214 1328 1217 1335 ,

92 1366 198 1454 inque
213 1366 307 1432 vices
322 1367 433 1431 suerat
451 1378 605 1452 captatus
623 1366 793 1431 anhelitus
809 1367 891 1441 oris,

95 1473 257 1539 ‘Invide'
274 1473 434 1539 dicebant
452 1485 460 1514 ‘
475 1474 601 1559 paries,
620 1473 702 1559 quid
720 1474 913 1538 amantibus
929 1472 1066 1540 obstas?

72 1592 75 1596 ’
92 1591 259 1667 quantum
276 1590 361 1655 erat,
378 1590 416 1645 ut
432 1581 561 1646 sineres
578 1590 646 1645 toto
663 1601 725 1645 nos
743 1601 884 1665 corpore
897 1579 1012 1668 jungi,

93 1696 153 1751 aut
168 1686 234 1751 hoc
250 1685 279 1750 si
295 1685 452 1762 nimium,
469 1686 525 1751 vel
543 1687 587 1751 ad
603 1686 721 1751 oscula
737 1686 853 1750 danda
869 1684 1024 1771 pateresl
1110 1717 1144 1776 75

92 1815 159 1860 nec
174 1814 293 1859 sumus
309 1793 455 1881 ingrati3
479 1793 540 1857 tibi
557 1815 619 1859 nos
636 1793 761 1858 debere
778 1794 936 1871 fatemur,

92 1900 186 1986 quod
202 1900 301 1964 datus
317 1911 369 1965 est
383 1899 497 1964 verbis
514 1900 558 1965 ad
575 1900 705 1964 amicas
722 1900 882 1965 transitus
898 1901 1024 1967 aures'

91 2004 175 2071 talia
191 2004 327 2070 diversa
343 2005 552 2091 nequiquam
569 2006 651 2070 sede
667 2006 782 2081 locuti,

92 2111 157 2176 sub
173 2122 307 2176 noctem
324 2110 442 2176 dixere
458 2112 549 2186 vale,
567 2112 721 2199 partique
738 2114 864 2180 dedere

92 2218 211 2285 oscula
228 2219 372 2306 quisque
388 2241 471 2286 suae
488 2242 557 2287 non
575 2222 807 2307 pervenientia
825 2234 955 2290 contra.
1110 2243 1145 2296 80
1227 2261 1231 2271 ·

137 2325 280 2392 Postera
295 2339 479 2395 nocturnos
496 2349 619 2394 aurora
636 2340 827 2395 removerat
843 2331 955 2418 ignes,

45 2436 49 2441 ’
92 2435 211 2522 solque
228 2433 408 2521 pruinosas
424 2435 528 2501 radiis
545 2436 734 2502 siccaverat
749 2438 894 2503 herbas:

92 2543 137 2607 ad
153 2542 290 2608 solitum
306 2548 418 2610 coiere
434 2545 560 2610 locum.
608 2544 701 2609 Tum
720 2566 892 2610 murmure
909 2566 1016 2631 parvo

91 2649 199 2715 multa
215 2651 310 2736 prius
325 2651 448 2738 questi,
468 2662 618 2716 statuunt
631 2663 669 2716 ut
685 2663 783 2717 nocte
800 2651 911 2716 silenti

90 2757 211 2824 fallere
228 2759 385 2824 custodes
402 2757 599 2845 foribusque
615 2760 783 2824 excedere
799 2769 977 2843 temptent,
1108 2778 1141 2847 85

90 2884 239 2949 cumque
256 2864 358 2929 domo
374 2864 531 2939 exierint,
550 2865 643 2930 urbis
659 2886 793 2951 quoque
809 2875 897 2930 tecta
913 2864 1129 2950 relinquant3

89 2991 179 3034 neve
196 2969 238 3034 sit
253 2971 436 3035 errandum
453 2970 522 3037 lato
539 2970 762 3056 spatiantibus
780 2992 874 3045 arvo,

90 3076 298 3142 conveniant
314 3077 358 3142 ad
373 3077 471 3141 busta
488 3075 586 3152 Nini,
605 3078 798 3164 lateantque
815 3077 877 3142 sub
895 3076 1017 3141 umbra

91 3182 244 3249 arboris:
270 3184 370 3248 arbor
384 3183 431 3247 ibi
448 3183 556 3248 niveis
573 3183 744 3248 uberrima
761 3183 870 3268 pomis

90 3289 199 3354 ardua
217 3310 331 3354 morus
349 3300 433 3364 erat,
452 3289 567 3376 gelido
585 3290 795 3354 contermina
812 3289 908 3354 fonti.
1104 3326 1140 3380 90

136 3393 243 3460 Pacta
260 3394 397 3479 placent
407 3417 416 3470 ;
442 3406 475 3460 et
490 3396 564 3470 lux,
581 3397 677 3460 tarde
694 3395 869 3461 discedere
885 3397 972 3471 visa,

89 3501 333 3588 praecipitatur
349 3501 459 3588 aquis,
477 3514 510 3566 et
526 3501 622 3588 aquis
639 3524 709 3567 nox
726 3502 834 3589 surgit
850 3503 893 3566 ab
909 3503 1031 3567 isdem.

90 3607 217 3673 callida
234 3628 295 3693 per
310 3609 468 3673 tenebras
483 3619 618 3673 versato
635 3608 774 3673 cardine
789 3609 922 3673 Thisbe

90 3713 267 3801 egreditur
282 3712 434 3802 fallitque
451 3736 544 3790 suna,
563 3715 793 3801 adopertaque
810 3715 941 3779 vultum

90 3818 248 3907 pervenit
263 3819 307 3886 ad
322 3822 504 3897 tumulum,
523 3820 680 3933 dictaque
698 3822 760 3887 sub
779 3822 898 3886 arbore
915 3820 1011 3886 sedit.
1103 3851 1138 3910 95
