2460 4140
77 117 196 182 -1V·10‚
213 115 266 186 18.]
361 96 432 162 The
454 96 566 162 Poet’s
589 94 892 185 Autobzbgraplzy.
1077 111 1141 185 179

88 291 191 356 Tune
207 314 356 378 quoque,
376 313 454 357 cum
471 313 541 378 pax
557 301 619 368 est,
638 285 808 377 trepidant
825 291 1005 358 formidine
1020 292 1116 368 belli,

134 398 211 463 Nec
227 399 407 485 quisquam
424 420 542 483 presso
559 419 696 463 vomere
713 400 824 462 sulcat
840 399 995 463 humum.

87 502 160 570 Aut
170 505 274 578 videt,
288 515 346 567 aut
356 505 473 568 metuit
482 506 578 568 iocus
590 504 657 586 hic,
671 525 772 589 quem
784 525 852 568 non
864 505 969 580 videt,
984 506 1116 570 hostem
1129 527 1138 580 ;

134 609 257 674 Cessat
273 611 363 674 iners
380 611 492 696 rigido
509 621 598 674 terra
615 609 733 673 relicta
749 609 827 674 situ.
1106 640 1139 694 70

87 717 170 781 Non
187 716 243 780 hic
260 716 444 801 pampinea
462 715 570 780 dulcis
588 715 669 779 latet
684 736 751 778 uva
768 716 831 781 sub
847 716 983 793 umbra,

132 822 210 886 Nec
226 822 402 885 cumulant
419 822 503 885 altos
521 820 650 886 fervida
669 832 778 885 musta
795 822 904 886 lacus.

87 927 196 993 Poma
213 939 318 1015 negat
335 928 452 1013 regi03
478 948 542 991 nec
558 910 699 991 baberet
715 926 895 1004 Acontius,
912 927 949 992 in
964 950 1033 1016 quo
1124 928 1129 945 ‘

133 1033 306 1098 Scriberet
322 1033 378 1096 hic
395 1033 554 1097 dominae
570 1034 675 1098 verba
692 1034 841 1120 legenda
859 1055 954 1099 suae.

87 1135 272 1221 Aspiceres
290 1138 399 1201 nudos
417 1137 490 1201 sine
508 1137 640 1212 fronde,
659 1137 732 1202 sine
749 1138 883 1214 arbore,
902 1145 1064 1225 campost
1103 1166 1136 1224 75

134 1242 214 1306 Heu
230 1244 306 1338 loca
322 1242 411 1306 felici
429 1264 497 1306 non
515 1244 673 1307 adeunda
689 1242 783 1308 viroi
900 1328 902 1332 ,

87 1348 182 1435 Ergo
199 1342 267 1412 tarn
285 1349 351 1412 late
368 1359 481 1432 pateat
497 1369 574 1412 curn
595 1348 765 1413 maximus
782 1348 888 1426 orbis,

134 1454 233 1519 Haec
250 1459 351 1518 estin
368 1475 515 1540 poenam
531 1465 620 1520 terra
637 1465 771 1540 reperta
788 1455 924 1522 meam?

220 1799 252 1866 4.
285 1776 320 1843 T
314 1778 356 1842 he
378 1777 490 1843 Poet’s
512 1776 803 1866 Autobzbgraplry
829 1777 893 1867 (iv.
922 1778 999 1870 10).

87 1991 220 2134 ILLE
237 2013 303 2080 ego
319 1991 377 2079 qui
394 1992 529 2068 fuerim,
547 2004 738 2059 tenerorum
757 1994 850 2060 lusor
867 2015 1035 2072 amorum,

169 2099 283 2184 Qem
301 2099 401 2187 legis,
419 2110 456 2164 ut
473 2099 576 2175 noris,
596 2100 714 2186 accipe
731 2101 922 2185 posteritas.

87 2206 207 2272 Sulmo
225 2208 306 2271 mihi
324 2207 433 2291 patria
450 2218 511 2282 est,
531 2207 654 2294 gelidis
671 2208 861 2273 uberrimus
878 2207 992 2284 undis,
1031 2212 1033 2218 ’

131 2315 230 2380 Milia
248 2315 305 2402 qui
323 2314 440 2380 novies
458 2314 559 2379 distat
575 2315 617 2379 ab
634 2314 729 2380 Urbe
745 2315 876 2379 decem.

86 2422 206 2489 Editus
224 2424 304 2488 hinc
321 2445 387 2511 ego
404 2443 492 2498 sum,
511 2443 660 2487 necnon
675 2433 712 2487 ut
726 2432 881 2508 tempora
896 2421 1001 2499 noris,
1082 2507 1089 2515 ἱ
1121 2451 1137 2508 ς

131 2531 221 2596 Cum
239 2531 360 2597 cecidit
376 2532 445 2597 fato
462 2531 581 2596 consul
598 2541 739 2618 uterque
755 2530 850 2616 pari:
883 2508 892 2527 ⁵

87 2636 124 2703 Si
141 2639 222 2725 quid
239 2640 273 2704 id
290 2650 352 2715 est,
371 2661 481 2726 usque
498 2659 518 2703 a
536 2638 671 2726 proavis
688 2649 783 2703 vetus
801 2635 930 2703 ordinis
947 2636 1061 2714 heres,

131 2744 212 2809 Non
231 2747 331 2811 modo
348 2746 503 2828 fortunae
520 2763 661 2812 munere
679 2747 787 2812 factus
804 2766 921 2832 eques.

87 2849 164 2914 Nec
180 2852 281 2934 stirps
298 2851 408 2935 prima
425 2852 494 2916 sui:
520 2853 635 2940 genito
652 2874 728 2917 sum
745 2852 847 2917 fratre
864 2861 1013 2928 creatus,

134 2954 203 3037 Qui
220 2956 327 3020 tribus
345 2968 422 3020 ante
438 2970 558 3042 quater
575 2959 747 3024 mensibus
764 2970 856 3023 ortus
873 2967 956 3022 erat.
1104 2989 1137 3028 ιο

88 3059 228 3125 Lucifer
245 3062 421 3125 amborum
439 3062 608 3128 natalibus
625 3064 731 3128 adsuit
746 3064 859 3129 idern:

132 3168 213 3233 Una
230 3168 401 3232 celebrata
418 3178 469 3232 est
485 3190 546 3253 per
562 3170 629 3235 duo
646 3170 716 3235 liba
732 3171 817 3237 dies.

89 3273 187 3338 Haec
205 3285 254 3339 est
272 3273 451 3339 armiferae
469 3275 562 3340 sestis
579 3276 621 3342 de
637 3277 787 3364 quinque
804 3277 1000 3367 Mineruae,¹

134 3380 234 3464 Quae
251 3380 323 3444 fieri
341 3401 459 3467 pugna
476 3381 587 3466 prima
604 3395 744 3449 cruenta
760 3386 857 3450 solet.

87 3487 245 3551 Protinus
263 3487 453 3551 excolimur
468 3489 588 3564 teneri,
608 3511 757 3577 curaque
774 3492 924 3577 parentis
1104 3522 1135 3580 ις

132 3594 225 3658 Imus
243 3594 287 3658 ad
303 3594 456 3680 insignes
473 3593 578 3660 Urbis
596 3596 638 3661 ab
655 3609 725 3665 arte
741 3597 844 3665 viros.

87 3699 206 3764 Frater
224 3700 267 3764 ad
284 3699 456 3785 eloquium
473 3700 573 3765 viridi
590 3702 751 3768 tendebat
767 3705 810 3769 ab
827 3725 926 3784 aevo,

132 3805 247 3870 Fortia
263 3796 397 3870 verboii
413 3816 512 3871 natus
530 3807 572 3873 ad
590 3828 687 3903 arma
703 3807 787 3909 fori3
850 3858 859 3869 a
