2476 4148
77 171 241 243 X111.76.]
458 156 570 224 Claz‘m
595 158 643 244 (ff
655 155 765 245 Asiax.
1067 175 1133 243 119

78 351 265 417 obtulimus
282 352 363 437 quia
380 375 442 418 nos
460 354 503 418 ad
519 355 630 440 prima
646 354 812 439 pericula,
831 351 980 419 simus?-

127 471 136 498 ‘
152 457 265 544 Atque
280 460 409 523 utinam
423 472 481 524 aut
493 482 593 525 verus
607 461 700 526 furor
713 461 783 536 ille,
797 472 854 524 aut
866 461 1014 525 creditus
1027 468 1129 534 esset,

79 587 145 630 nec
162 586 276 629 comes
294 565 351 629 hic
368 565 541 652 Phrygias
557 588 720 652 umquam
737 566 886 631 venisset
903 568 947 631 ad
963 587 1060 630 arces

80 673 230 736 hortator
246 671 437 736 scelerum!
463 694 532 737 non
548 683 594 748 te,
613 673 778 737 Poeantia
795 673 921 758 proleS,
1097 701 1130 757 45

80 778 273 862 expositum
290 776 443 842 Lemnos
461 790 574 842 nostro
591 799 670 842 cum
687 779 829 843 crimine
847 779 1008 843 haberet:

80 885 138 972 qui
155 906 259 960 nunc,
278 896 314 949 ut
332 896 533 958 memorant,
553 884 762 949 silvestribus
780 884 914 949 abditus
931 884 1050 961 antris,

80 1013 166 1058 saxa
183 1013 299 1056 moves
316 991 459 1079 gemitu,
479 989 752 1076 Laertiadaeque
769 990 921 1075 precaris

79 1120 168 1184 quae
186 1099 320 1173 meruit,
338 1119 441 1184 quae,
461 1096 487 1161 si
506 1096 540 1161 di
558 1108 648 1171 sunt,
667 1119 735 1162 non
753 1117 842 1184 vana
859 1097 1022 1181 precaris.

80 1217 113 1270 et
129 1226 221 1270 nunc
236 1205 293 1270 ille
311 1205 432 1269 eadem
450 1202 548 1268 nobis
561 1204 695 1290 juratus
712 1203 746 1266 in
764 1223 872 1278 arma,
1097 1233 1131 1289 50

79 1311 147 1375 heu
161 1310 169 1374 l
195 1333 274 1395 pars
289 1333 359 1375 una
376 1312 516 1383 ducum,
537 1331 604 1395 quo
621 1330 818 1374 successore
835 1309 980 1396 sagittae

81 1417 241 1482 Herculis
258 1430 408 1492 utuntur,
427 1417 555 1481 fractus
573 1417 758 1502 morboque
774 1416 933 1502 fameque

78 1524 278 1609 velaturque
296 1524 464 1609 aliturque
481 1523 615 1598 avibus,
633 1523 858 1609 volucresque
875 1523 1023 1607 petendo

79 1630 193 1694 debita
209 1630 369 1717 Trojanis
387 1641 524 1695 exercet
540 1629 672 1714 spicula
690 1629 780 1704 fatie,

78 1737 136 1800 ille
152 1748 266 1801 tamen
284 1736 377 1811 vivit,
395 1736 475 1822 quia
493 1759 561 1802 non
579 1735 752 1801 comitavit
767 1735 910 1801 Ulixen.
1095 1767 1128 1823 55

126 1854 135 1884 ⁶
151 1843 274 1907 Mallet
290 1855 322 1908 et
338 1844 458 1907 infelix
474 1843 679 1908 Palamedes
697 1864 771 1907 esse
789 1843 948 1908 relictust

78 1970 180 2035 quem
200 1951 288 2014 male
307 1950 450 2015 convicti
468 1950 612 2014 nimium
631 1972 763 2014 memor
778 1949 840 2014 iste
857 1950 980 2014 suroris

78 2057 223 2140 prodere
240 2078 311 2120 rem
330 2056 489 2120 Danaam
507 2057 617 2130 finxit,
636 2058 821 2142 fictumque
837 2056 993 2140 probavit

79 2162 221 2237 crimen,
240 2174 272 2226 et
288 2163 446 2236 ostendit,
465 2164 555 2248 quod
569 2163 641 2250 jam
659 2163 887 2247 praefoderat,
908 2182 1040 2227 aurum.
1093 2179 1128 2234 60

125 2267 243 2355 ‘Ergo
261 2279 317 2331 aut
333 2269 454 2333 exsilio
470 2269 560 2333 vires
577 2269 740 2333 subduxit
756 2266 914 2344 Achivis,

78 2383 137 2437 aut
153 2395 258 2438 nece:
285 2374 334 2439 sic
351 2386 495 2461 pugnat,
514 2375 563 2439 sic
579 2387 630 2439 est
646 2376 849 2439 metuendus
865 2374 1000 2441 Ulixes.

78 2480 136 2565 qui
154 2479 232 2543 licet
248 2481 382 2566 eloquio
399 2483 504 2546 fidum
522 2503 657 2568 quoque
675 2481 823 2546 Nestora
840 2481 968 2555 vincat,

78 2586 172 2650 haud
188 2598 302 2649 tamen
320 2587 455 2661 efficiet,
474 2589 644 2652 desertum
662 2600 697 2653 ut
715 2589 863 2654 Nestora
881 2589 1010 2654 crimen

77 2713 153 2756 esse
170 2713 247 2756 rear
263 2694 416 2756 nullum:
441 2695 594 2780 quicum
615 2695 812 2780 imploraret
830 2696 956 2762 Ulixen
1091 2713 1125 2783 ⁶5

76 2799 218 2862 vulnere
234 2800 351 2863 tardus
369 2800 459 2884 equi,
480 2800 656 2886 fessusque
674 2803 837 2867 senilibus
855 2803 967 2877 annis,

76 2905 228 2989 proditus
247 2927 266 2968 a
284 2906 376 2970 socio
393 2917 454 2971 est.
503 2907 583 2972 Non
602 2909 688 2973 haec
706 2910 788 2974 mihi
806 2910 949 2974 crimina
965 2910 1050 2999 fingi

76 3010 139 3075 scit
156 3012 243 3075 bene
260 3011 427 3097 Tydides,
447 3012 504 3098 qui
522 3014 660 3079 nomine
678 3036 781 3099 saepe
797 3029 955 3079 vocatum

75 3117 248 3200 corripuit,
267 3118 465 3204 trepidoque
483 3120 602 3207 fugam
620 3121 839 3206 exprobravit
856 3122 977 3185 amico.

76 3222 244 3308 aspiciunt
261 3225 369 3288 oculis
387 3227 500 3311 superi
520 3227 674 3291 mortalia
688 3227 808 3315 justis:
1092 3257 1126 3311 70

75 3350 118 3392 en
135 3341 214 3415 eget
231 3331 371 3406 auxili0,
392 3335 449 3420 qui
468 3357 536 3399 non
552 3335 647 3408 tulit3
673 3348 775 3420 utque
792 3333 938 3419 reliquit,

74 3435 124 3500 sic
140 3435 346 3520 linquendus
364 3452 456 3505 erat:
483 3442 597 3528 legem
614 3440 676 3504 sibi
694 3441 828 3504 dixerat
843 3440 928 3524 ipse.

122 3540 351 3609 ‘Conclamat
369 3547 491 3611 socios.
540 3545 675 3610 Adsum
689 3568 697 3621 3
723 3546 890 3631 videoque
906 3555 1106 3610 trementem

73 3648 328 3738 pallentemque
347 3663 437 3716 metu
455 3663 488 3716 et
503 3652 727 3736 trepidantem
746 3662 853 3716 morte
871 3651 993 3714 futura.

72 3756 217 3840 opposui
238 3758 363 3822 molem
382 3757 495 3842 clipei,
513 3757 652 3843 texique
665 3758 851 3844 jacentem,
1092 3787 1122 3842 75

72 3864 276 3948 servavique
295 3864 446 3928 animam
463 3863 661 3950 (minimum
675 3875 725 3928 est
741 3864 808 3928 hoc
823 3862 954 3944 laudis)
969 3862 1122 3927 inertem.
