2476 4148
94 155 277 228 V111·4¹5·]
384 137 455 206 Tae
488 137 580 205 Wr'ld
599 137 703 204 Boar
725 146 763 203 at
784 137 879 224 Bay.
1108 135 1152 218 83

96 345 170 409 fixa
186 343 251 409 sub
268 364 351 409 aure
368 343 431 409 feri
447 365 620 410 summum
637 343 817 432 destringit
833 344 965 408 arundo

99 472 238 536 corpus,
256 460 290 515 et
305 449 434 535 exiguo
449 451 615 516 rubefecit
631 450 800 538 sanguine
817 449 942 514 saetas.

100 577 166 622 nec
181 567 296 621 tamen
311 555 372 620 illa
389 555 442 620 sui
458 577 622 621 successu
635 557 754 621 laetior
770 556 868 630 ictus,

100 684 204 750 quarn
221 661 420 749 Meleagros
437 671 521 726 erat.
570 661 707 726 Primus
723 660 849 725 vidisse
866 671 1015 746 putatur,
1101 679 1152 747 385

101 781 134 835 et
150 769 280 855 primus
296 768 396 834 sociis
411 767 522 833 visum
540 768 729 832 ostendisse
747 787 916 841 cruorem,

101 886 135 941 et
152 874 356 940 ‘Meritum'
373 873 501 940 dixisse
520 883 529 913 ‘
545 874 634 938 seres
651 872 781 937 virtutis
799 873 985 937 honorem?

101 983 269 1047 erubuere
284 982 359 1057 viri,
378 1002 483 1069 seque
500 981 736 1054 exhortantur,
755 989 788 1044 et
804 979 935 1043 addunt

101 1109 181 1178 cum
197 1088 346 1153 clamore
362 1087 509 1163 animos,
523 1086 723 1174 jaciuntque
740 1085 813 1150 sine
829 1085 949 1150 ordine
966 1085 1054 1150 tela:

93 1195 200 1260 turba
217 1204 316 1260 nocet
327 1194 441 1282 jactis,
459 1202 492 1258 et
506 1214 592 1279 quos
609 1192 704 1277 petit,
722 1191 864 1277 impedit
880 1190 979 1256 ictus.
1101 1223 1153 1280 390

146 1300 239 1366 Ecce
256 1301 371 1366 furens
388 1310 505 1365 contra
521 1320 584 1364 sua
601 1300 671 1363 fata
686 1299 880 1384 bipennifer
895 1296 1007 1364 Arcas
1168 1304 1170 1308 '

102 1417 112 1448 ‘
126 1406 269 1483 Discite,
288 1406 443 1471 femineis
459 1407 541 1492 quid
558 1406 626 1471 tela
642 1405 753 1470 virilia
770 1416 954 1491 praestent,

100 1513 134 1579 Ο
147 1514 304 1602 juvenes,
321 1513 485 1599 operique
501 1534 579 1577 meo
596 1511 792 1577 concedite'
808 1511 913 1585 dixit3

102 1619 199 1704 ‘ipsa
216 1619 286 1684 suis
303 1619 382 1683 iicet
398 1620 489 1683 hunc
507 1617 653 1683 Latonia
671 1628 829 1706 protegat
845 1617 963 1694 armis,

99 1725 207 1790 invita
222 1737 337 1790 tamen
355 1726 446 1789 hunc
464 1725 608 1809 perimet
624 1745 703 1790 mea
720 1725 840 1790 dextra
858 1723 997 1790 Diana.’
1099 1756 1150 1812 395

99 1832 181 1896 talia
198 1831 421 1918 magniloquo
437 1831 587 1896 tumidus
604 1842 854 1896 memoraverat
869 1852 941 1908 ore,
972 1866 975 1873 ·

100 1937 351 2023 ancipitemque
368 1959 471 2001 manu
488 1938 611 2002 tollens
627 1949 771 2024 utraque
788 1937 936 2004 securim

98 2043 264 2108 institerat
280 2043 408 2129 digitis,
427 2043 554 2128 primos
571 2065 758 2128 suspensus
775 2045 810 2108 in
828 2055 933 2110 artus.

92 2159 245 2234 ‚occupat
262 2151 456 2226 audentem,
476 2171 612 2236 quaque
629 2160 680 2214 est
695 2151 752 2215 via
769 2151 926 2236 proxima
943 2151 1023 2227 let0‚

98 2277 234 2322 summa
251 2255 342 2320 ferus
359 2256 515 2343 geminos
532 2257 655 2320 direxit
672 2257 716 2321 ad
733 2256 877 2342 inguina
893 2258 1024 2326 dentes.
1097 2289 1150 2340 400

98 2361 247 2427 concidit
262 2360 436 2436 Ancaeus,
456 2363 715 2448 glomerataque
732 2363 903 2449 sanguine
921 2363 1027 2428 multo

97 2469 230 2533 viscera
247 2468 343 2552 lapsa
359 2466 480 2542 fluunt,
500 2468 761 2554 madefactaque
778 2478 867 2532 terra
885 2489 1005 2534 cruore
1023 2478 1084 2535 est.

144 2573 220 2639 Ibat
235 2573 269 2638 in
287 2574 467 2638 adversum
486 2576 599 2658 proles
616 2573 745 2639 Ixionis
765 2576 895 2639 hostem

97 2680 281 2755 Pirithous,
301 2680 415 2744 valida
431 2681 587 2766 quatiens
603 2681 775 2745 venabula
792 2681 925 2745 dextra.

98 2784 153 2849 cui
171 2784 288 2869 procul
304 2782 459 2870 Aegides
477 2782 532 2849 ‘O
550 2804 603 2848 me
621 2784 705 2848 mihi
723 2785 852 2849 carior’
870 2785 980 2872 inquit
1095 2802 1147 2873 405'

99 2901 108 2932 ‘
124 2912 204 2976 pars
220 2889 355 2954 animae
373 2889 519 2969 consiste
535 2910 633 2955 meae
647 2888 655 2954 1
680 2890 760 2956 licet
775 2891 909 2956 eminus
926 2913 1001 2957 esse

98 2995 260 3060 sortibus:
283 2992 427 3059 Ancaeo
445 2994 560 3060 nocuit
575 2998 757 3061 temeraria
773 2998 905 3061 virtus!

98 3101 195 3176 dixit,
214 3112 247 3166 et
263 3112 377 3165 aerata
395 3101 487 3165 torsit
505 3123 612 3188 grave
629 3103 770 3187 cuspide
787 3124 950 3195 cornum:

97 3208 151 3272 cui
168 3209 256 3272 bene
273 3208 393 3272 librato
409 3209 546 3295 votique
563 3220 699 3294 potente
716 3209 828 3274 futuro

97 3314 222 3379 obstitit
239 3314 396 3377 aesculea
414 3314 594 3380 frondosus
612 3316 655 3403 ah
672 3316 793 3380 arbore
810 3337 938 3382 ramus.
1095 3346 1149 3398 410

96 3419 187 3485 misit
203 3430 236 3485 et
251 3417 444 3486 Aesonides
457 3421 625 3509 jaculum,
643 3422 735 3508 quod
752 3442 852 3487 casus
869 3423 988 3488 abillo

95 3525 194 3591 vertit
209 3526 244 3589 in
261 3513 419 3592 immeriti
437 3527 542 3591 fatum
560 3529 725 3603 latrantis
744 3540 777 3593 et
793 3529 880 3594 inter

95 3633 153 3697 ilia
170 3632 361 3721 conjectum
378 3634 498 3697 tellure
515 3655 576 3717 per
593 3635 650 3697 ilia
667 3636 774 3698 fixum
791 3648 853 3699 est.

138 3736 187 3802 At
204 3760 327 3803 manus
345 3738 501 3802 Oenidae
519 3739 647 3812 variat3
675 3741 854 3826 missisque
872 3743 1005 3807 duabus

95 3845 193 3912 hasta
210 3845 302 3932 prior
318 3855 420 3919 terra,
440 3844 551 3908 medio
569 3846 658 3910 stetit
674 3847 780 3911 altera
797 3859 908 3935 tergo.
1093 3880 1145 3935 415
