2476 4148
118 155 163 225 66
347 157 418 224 The
439 157 712 224 Enclzantments
736 160 785 241 os
797 110 943 222 Medea,
1021 173 1167 245 [Marum.

119 355 293 442 multaque
309 354 462 440 perpessi
481 355 573 419 claro
591 354 654 419 sub
672 353 795 418 l'aisone
812 355 950 417 tandem
1154 384 1168 440 ς

119 461 333 546 contigerant
350 461 488 546 rapidas
503 461 615 525 limosi
632 459 801 524 Phasidos
818 460 939 524 undas.

164 566 325 652 Dumque
343 568 469 631 adeunt
485 588 615 653 regem,
631 564 850 651 Phrixeaque
863 566 992 629 vellera
1009 564 1168 649 poscunt,

120 694 254 758 voxque
272 672 369 736 datur
386 673 536 736 numeris
555 693 758 758 magnorum
777 672 946 735 horrenda
963 671 1135 747 laborum,

88 829 91 833 ›
120 778 267 863 concipit
278 778 411 842 interea
427 779 559 842 validos
575 776 715 841 Aeetias
732 777 852 863 ignes3

120 896 153 950 et
168 885 293 949 luctata
310 885 382 959 diu,
400 896 580 970 postquam
597 883 725 947 ratione
744 883 892 947 furorem
1092 961 1096 968 ¹
1139 916 1172 954 10

119 991 257 1056 vincere
269 1003 342 1055 'non
360 1002 502 1075 poterat,
523 990 700 1063 ‘Frustra
720 988 861 1066 Medea,
880 1010 1077 1078 repugnas:

120 1098 236 1162 nescio
253 1099 328 1183 quis
346 1098 431 1160 deus
447 1096 575 1160 obstat'
591 1095 649 1170 ait,
670 1095 897 1181 ‘mirumque,
916 1095 981 1161 nisi
998 1097 1064 1161 hoc
1081 1106 1146 1174 est,

121 1215 179 1268 aut
195 1204 324 1289 aliquid
341 1214 430 1267 certe
447 1202 558 1267 simile
575 1201 668 1275 huic,
687 1202 778 1286 quod
794 1222 915 1264 ornare
929 1215 1084 1267 vocatur.

120 1332 201 1374 nam
218 1330 279 1374 cur
291 1309 388 1397 jussa
404 1308 509 1393 patris
527 1308 668 1371 nimium
688 1307 770 1370 mihi
788 1308 873 1372 dura
889 1302 1068 1372 videntur?

121 1427 198 1481 sunt
223 1437 358 1504 quoque
383 1417 468 1480 dura
493 1414 605 1478 nimis.
655 1412 741 1490 Cur,
768 1435 870 1500 quem
896 1415 996 1480 modo
1020 1415 1171 1502 denique

255 1522 337 1598 vidi,
1140 1552 1171 1610 ¹5

120 1650 163 1694 ne
180 1640 309 1714 pereat,
327 1627 452 1715 timeo?
477 1649 565 1715 quae
581 1627 664 1692 tanti
682 1647 787 1693 causa
803 1626 955 1692 timoris?

120 1747 243 1800 excute
259 1735 414 1821 virgineo
431 1747 615 1819 conceptas
633 1746 769 1819 pectore
786 1734 958 1809 flammas,

120 1843 148 1907 si
165 1854 274 1926 potes,
292 1841 423 1906 infelix.
473 1841 512 1905 Si
529 1862 678 1926 possem,
698 1841 813 1905 sanior
829 1862 962 1906 essem:

120 1950 181 2014 sed
198 1960 320 2036 gravat
336 1949 475 2013 invitam
493 1970 581 2013 nova
597 1949 669 2022 vis3
696 1948 855 2034 aliudque
873 1947 1010 2032 cupido,

121 2077 217 2120 mens
234 2056 327 2120 aliud
344 2056 475 2120 suadet.
523 2055 635 2119 Video
652 2056 807 2128 meliora,
826 2055 1022 2139 proboque:
1137 2084 1173 2125 20

120 2162 287 2227 deteriora
304 2183 440 2249 sequor.
492 2159 586 2246 Quid
603 2163 637 2224 in
655 2162 800 2245 hospite,
817 2160 914 2246 regia
931 2161 1043 2246 virg0,

120 2271 241 2347 ureris,
260 2283 293 2335 et
308 2272 477 2335 thalamos
496 2269 597 2332 alieni
615 2269 768 2352 concipis
786 2264 900 2330 orbis?

121 2377 208 2442 haec
232 2399 367 2464 quoque
392 2388 481 2441 terra
509 2386 631 2461 potest,
655 2376 746 2460 quod
771 2394 879 2447 ames,
905 2371 1001 2436 dare.
1048 2369 1168 2448 Vivat,

255 2505 297 2547 an
315 2484 373 2548 ille

119 2589 265 2665 occidat,
283 2590 318 2653 in
336 2590 388 2654 dis
404 2572 466 2654 est.
515 2587 619 2653 Vivat
636 2598 771 2653 tamen:
796 2585 898 2672 idque
915 2583 1047 2669 precari

118 2697 174 2760 vel
191 2697 264 2760 sine
282 2717 396 2762 amore
414 2697 504 2761 licet.
555 2693 649 2776 Quid
668 2695 758 2758 enim
776 2692 945 2757 commisit
962 2688 1099 2756 l'asoni'
1135 2722 1169 2778 23

119 2822 235 2887 quem,
254 2802 318 2867 nisi
335 2803 523 2875 crudelem,
542 2823 609 2864 non
626 2811 745 2884 tangat
762 2799 894 2863 Iasonis
912 2809 1006 2861 aetas

119 2919 152 2971 et
168 2929 278 2994 genus
295 2919 328 2972 et
343 2906 469 2971 virtus?
494 2929 595 2993 quem
613 2928 694 2979 non,
714 2918 750 2969 ut
766 2917 878 2968 cetera
895 2903 1017 2978 desint,

119 3034 177 3078 ore
195 3035 331 3078 movere
349 3012 478 3098 potest?
502 3025 592 3076 certe
610 3032 685 3075 mea
703 3024 838 3096 pectora
858 3011 972 3075 movit.

165 3121 235 3184 ‘At
248 3120 315 3184 nisi
332 3142 431 3205 opem
449 3120 569 3192 tulero,
589 3130 762 3181 taurorum
780 3116 959 3181 adflabitur
975 3137 1047 3190 ore,

119 3239 364 3312 concurretque
382 3247 464 3290 suae
481 3224 607 3311 segetis
624 3225 743 3287 tellure
761 3223 882 3287 creatis
1135 3253 1170 3308 30

57 3320 59 3325 ¹
119 3333 284 3408 hostibus,
305 3345 361 3396 aut
379 3333 478 3396 avido
496 3331 630 3395 dabitur
646 3330 718 3393 sera
736 3331 864 3414 praeda
881 3329 1035 3393 draconi.

119 3438 184 3502 hoc
202 3459 267 3524 ego
284 3438 311 3501 si
330 3438 451 3521 patiar,
469 3451 539 3499 tum
558 3457 612 3500 me
629 3437 671 3500 de
688 3436 810 3521 tigride
828 3448 956 3510 natam,

117 3555 188 3607 tum
205 3544 331 3608 ferrum
349 3555 381 3607 et
398 3543 556 3626 scopulos
573 3553 707 3628 gestare
725 3542 758 3604 in
776 3542 878 3606 corde
895 3541 1037 3604 fatebor.

119 3672 179 3713 cur
195 3672 263 3714 non
281 3660 313 3714 et
329 3662 445 3733 specto
462 3660 674 3733 pereuntem,
693 3648 878 3732 oculosque
890 3647 1044 3710 'videndo

118 3754 336 3821 conscelero?
361 3776 422 3819 cur
437 3776 506 3818 non
522 3766 637 3818 tauros
653 3755 813 3817 exhortor
829 3753 864 3815 in
882 3753 990 3826 illum,
1101 3788 1111 3805 ·
1132 3783 1165 3839 35

118 3863 374 3951 terrigenasque
390 3861 494 3936 feros,
512 3859 762 3946 insopitumque
778 3856 986 3923 draconem?
