2476 4148
110 109 175 199 164
490 109 639 177 Sharter
661 110 795 178 Poems.
968 127 1157 198 [Hnaomus.

109 306 275 396 Qisquis
293 309 337 373 ad
353 309 440 372 haec
455 308 555 373 vertit
570 307 788 395 peregrinam
804 307 916 374 littora
933 307 1091 394 puppim,
1109 292 1114 297 ⁵

152 415 216 480 llle
233 416 316 478 mihi
333 416 375 480 de
392 427 424 479 te
441 416 547 479 multa
564 427 704 502 rogatus
721 416 811 480 abit:
1121 432 1156 485 60

109 519 293 608 Qamque
309 522 369 586 tibi
385 522 518 597 reddat,
537 521 565 586 si
581 532 614 587 te
633 524 733 588 modo
750 523 871 587 viderit
886 544 1047 610 usquam,

152 629 314 693 Traditur
331 629 410 692 huic
427 616 543 716 digitis
556 630 675 693 charta
692 642 815 695 novata
827 630 927 694 meis.

105 735 181 800 Nos
198 736 322 822 Pylon,
340 736 467 821 antiqui
485 735 610 802 Neleia
626 736 782 801 Nestoris
799 758 892 812 arva,

151 842 331 907 Misimus:
356 842 485 906 incerta
503 854 553 906 est
569 844 661 906 fama
678 843 821 907 remissa
837 842 936 930 Pylo.

105 948 265 1014 Misimus
282 962 314 1014 et
331 949 499 1034 Sparten:
525 948 649 1034 Sparte
664 971 801 1035 quoque
815 950 933 1014 nescia
947 952 1032 1016 veri.
1119 972 1154 1042 ⁶5

151 1054 250 1140 Quas
267 1055 400 1120 habitas
417 1065 537 1130 terras,
557 1067 614 1119 aut
630 1055 686 1118 ubi
704 1056 815 1119 lentus
832 1055 935 1120 abes?

104 1159 231 1227 Utilius
247 1173 374 1226 starent
388 1161 491 1225 etiam
509 1182 600 1226 nunc
617 1161 753 1226 moenia
770 1160 914 1226 Phoebi.

149 1268 282 1333 Irascor
297 1269 383 1333 votis
396 1269 467 1332 heu
484 1269 568 1332 levis
585 1267 661 1352 ipsa
677 1267 782 1332 meisl

104 1373 237 1440 Scirem
252 1376 311 1440 ubi
329 1396 517 1463 pugnareS,
536 1384 568 1439 et
583 1386 713 1439 tantum
730 1375 821 1439 bella
836 1370 1004 1453 timerem,

148 1481 192 1545 Et
208 1503 284 1546 mea
302 1503 379 1546 curn
397 1482 510 1546 multis
524 1482 641 1570 juncta
658 1483 797 1567 querela
814 1483 911 1556 foret.
1119 1515 1155 1569 70

104 1586 199 1672 Quid
214 1589 367 1665 timeam,
385 1589 528 1676 ignor03
552 1588 656 1653 timeo
672 1600 786 1652 tamen
802 1589 919 1654 omnia
934 1590 1090 1668 demens,

147 1695 191 1759 Et
207 1708 298 1781 patet
313 1697 348 1760 in
366 1718 464 1761 curas
482 1717 562 1760 area
579 1697 647 1759 lata
664 1716 769 1760 meas.

103 1799 352 1888 Quaecumque
364 1824 492 1889 aequor
502 1803 616 1877 hahet,
627 1822 863 1888 quaecumque
873 1802 1026 1887 pericula
1035 1804 1152 1882 tellus,

135 1907 235 1971 ¹Tam
252 1910 378 1996 longae
396 1930 517 1974 causas
534 1909 689 1992 suspicor
703 1929 778 1974 esse
795 1931 922 1974 morae.

103 2012 202 2079 Haec
219 2037 284 2102 ego
302 2017 383 2081 dum
401 2017 500 2081 stulte
517 2027 643 2090 metum
662 2035 750 2102 quae
765 2027 879 2080 vestra
895 2015 1000 2082 libido
1016 2028 1079 2094 est,
1116 2047 1152 2104 75

146 2121 232 2186 Esse
248 2124 432 2211 peregrino
449 2135 568 2208 captus
586 2143 701 2188 amore
718 2133 826 2207 potes.

100 2226 258 2293 Forsitan
276 2241 308 2296 et
325 2252 455 2306 narreS,
474 2251 578 2316 quam
595 2230 637 2294 sit
653 2230 712 2294 tibi
729 2229 853 2294 rustica
871 2230 1034 2318 conjunx,

147 2334 249 2420 Quae
264 2348 395 2404 tanturn
412 2338 511 2402 lanas
527 2359 595 2402 non
611 2337 700 2402 sinat
716 2359 791 2403 esse
807 2337 922 2402 rudes.

100 2440 229 2520 Fallar,
247 2455 282 2509 et
297 2447 363 2510 hoc
378 2446 510 2511 crimen
526 2457 645 2510 tenues
660 2456 824 2509 vanescat
839 2444 874 2509 in
892 2465 1007 2522 auras,

144 2549 257 2627 Neve,
276 2553 465 2617 revertendi
483 2554 581 2628 liber,
600 2554 720 2618 abesse
737 2549 842 2618 velisl
1115 2573 1150 2626 80

99 2654 161 2721 Me
178 2670 273 2743 pater
289 2659 419 2725 Icarius
435 2662 538 2728 viduo
555 2662 730 2728 discedere
747 2661 834 2726 lecto

144 2763 260 2853 Cogit,
279 2779 311 2832 et
327 2767 512 2834 immensas
528 2769 683 2855 increpat
699 2791 807 2857 usque
824 2791 949 2837 moras

99 2870 257 2958 Increpet
273 2896 381 2961 usque
398 2877 496 2942 licet:
521 2887 580 2943 tua
597 2901 685 2953 sum,
704 2890 761 2943 tua
778 2879 873 2944 dicar
888 2888 1040 2964 oportet3

143 2977 316 3067 Penelope
332 2983 484 3071 conjunx
501 3006 636 3070 semper
651 2986 766 3052 Ulixis
783 3008 854 3052 ero.

58 3163 61 3168 Ι
98 3083 162 3150 Ille
179 3097 293 3152 tamen
310 3089 433 3173 pietate
451 3112 527 3154 mea
544 3093 771 3180 precibusque
788 3092 921 3178 pudicis
1112 3115 1147 3183 85

142 3190 339 3279 Frangitur,
357 3206 390 3259 et
404 3196 494 3261 vires
510 3207 676 3282 temperat
691 3200 764 3285 ipse
781 3223 873 3268 suas.

96 3295 249 3364 Dulichii
267 3299 443 3389 Samiique
460 3313 493 3367 et
509 3326 594 3389 quos
610 3307 685 3372 tulit
702 3309 768 3373 alta
784 3309 996 3397 Zacynthos

140 3405 259 3470 Turba
276 3417 377 3472 ruunt
392 3409 426 3472 in
445 3430 499 3474 me
516 3411 691 3478 luxuriosa
707 3418 821 3499 proci3

96 3509 205 3597 Inque
221 3523 279 3576 tua
296 3526 454 3600 regnant,
473 3517 575 3582 nullis
592 3521 864 3602 prohibentibus,
884 3520 985 3590 aula:

139 3615 283 3682 Viscera
300 3632 427 3695 nostra,
446 3631 524 3685 tuae
541 3623 772 3691 dilacerantur
787 3650 883 3714 opes.
1108 3666 1145 3720 90

97 3720 195 3803 Quid
208 3724 266 3788 tibi
284 3725 487 3791 Pisandrum
506 3727 746 3817 Polybumque
762 3733 996 3829 Medontaque
1012 3738 1126 3806 dirum

139 3828 419 3919 Eurymachique
436 3833 554 3901 avidas
569 3833 778 3926 Antinoique
794 3861 916 3908 manus
