2476 4148
113 134 177 222 176
479 132 629 200 Skorter
651 132 786 198 Poems.
1005 150 1160 223 [mm-u,

109 332 227 409 Nunc,
246 333 274 399 si
291 334 376 399 forte
392 341 488 418 potes
508 331 586 417 (sed
604 352 672 395 non
689 340 798 414 potes,
816 329 944 414 optima
961 331 1150 420 conjunx),

155 440 275 505 Finitis
292 440 405 526 gaude
422 448 468 502 tot
486 437 567 500 mihi
586 449 692 502 morte
709 436 820 500 malis.

111 544 216 628 Quod
233 556 341 630 potes,
360 555 508 609 extenua
525 543 600 607 forti
619 543 710 605 mala
727 543 829 606 corde
846 541 1001 619 ferendo,

153 651 210 715 Ad
227 671 315 737 quae
329 649 534 737 jampridem
551 669 618 711 non
637 648 723 711 rude
738 660 856 731 pectus
873 649 991 712 habes.

107 755 222 843 Atque
240 757 368 820 utinam
386 767 527 840 pereant
543 754 678 817 animae
697 773 774 816 cum
791 773 932 837 corpore
948 765 1100 831 nostrae,

153 862 374 949 Effugiatque
392 859 510 925 avidos
527 880 606 945 pars
624 858 706 922 mihi
724 860 818 921 nulla
834 858 958 945 rogos!
1124 879 1160 935 60

108 967 201 1031 Nam
219 965 370 1032 si‘morte
389 986 510 1030 carens
526 985 637 1029 vacua
654 965 745 1029 volat
762 965 848 1028 altus
864 965 899 1028 in
917 985 1000 1031 aura

154 1074 311 1158 Spiritus,
329 1084 362 1138 et
379 1072 488 1137 Samii
506 1082 582 1136 sunt
598 1084 671 1134 rata
689 1071 779 1135 dicta
796 1071 900 1146 senis,

107 1179 200 1244 Inter
216 1178 425 1244 Sarmaticas
443 1176 603 1242 Romana
619 1177 801 1263 vagabitur
817 1177 969 1254 umbras,

104 1323 105 1327 =
152 1284 286 1370 Perque
303 1288 392 1349 feros
410 1266 528 1348 manes
546 1280 679 1367 hospita
696 1302 833 1367 semper
849 1285 923 1348 erit.

107 1389 198 1456 Ossa
211 1402 328 1454 tamen
346 1390 447 1454 facito
463 1410 570 1475 parva
588 1389 778 1453 reserantur
794 1388 829 1452 in
845 1408 953 1454 urna:
1122 1411 1159 1482 ⁶5

152 1497 212 1562 Sic
228 1519 296 1584 ego
313 1519 381 1561 non
398 1496 500 1560 etiam
518 1508 669 1560 mortuus
685 1496 783 1560 exsul
802 1516 871 1560 ero.

106 1602 188 1669 Non
201 1613 291 1667 vetat
308 1603 373 1667 hoc
386 1601 566 1687 quisquam
579 1624 588 1663 t
606 1601 744 1665 fratrem
757 1600 928 1668 Thebana
941 1615 1158 1692 peremptum

152 1709 340 1794 Subposuit
355 1709 485 1772 tumulo
502 1729 584 1794 rege
601 1719 735 1772 vetante
753 1729 861 1774 soror.

105 1813 220 1901 Atque
236 1832 277 1879 ea
294 1833 372 1879 cum
389 1813 478 1878 foliis
495 1825 528 1878 et
544 1814 671 1879 amomi
687 1815 829 1899 pulvere
846 1815 964 1894 misce,

80 1954 84 1961 ·
151 1921 260 2007 inque
271 1922 472 1986 suburbano
489 1920 627 1985 condita
644 1942 733 2006 pone
751 1922 836 1986 solo.
1124 1957 1160 2013 70

107 2026 272 2113 Quosque
289 2028 382 2114 legat
397 2048 517 2092 versus
533 2028 633 2092 oculo
650 2039 854 2112 properante
871 2029 992 2108 viator,

149 2132 346 2198 Grandibus
363 2133 397 2197 in
414 2132 500 2197 tituli
518 2152 688 2199 marmore
705 2136 811 2201 caede
828 2136 938 2202 notis:

104 2257 165 2304 mc
188 2259 261 2304 nco
284 2258 348 2322 om
366 2258 481 2322 JAcuo
505 2259 739 2306 usunnonum
764 2261 883 2307 Lusor<
905 2263 1067 2312 Amonum

148 2366 301 2412 mommo
325 2362 426 2412 Pnnn
450 2346 554 2412 ano
579 2364 703 2412 Pom
726 2367 825 2413 nmo:

103 2473 154 2520 A'r
177 2475 252 2520 T1131
275 2474 338 2540 Qu
354 2474 509 2521 Tnnnms
532 2474 582 2522 ΝΕ
606 2475 663 2521 s1'r
688 2475 814 2521 onnvn
836 2475 1002 2541 otnsoyrs
1017 2478 1160 2536 nmnsnr·

148 2582 285 2627 DICERE
309 2563 471 2628 anoms
496 2581 691 2628 monumen
715 2582 802 2629 ossn
825 2582 983 2631 cussum.

105 2666 184 2733 Hoc
200 2669 280 2734 satis
297 2669 332 2733 in
348 2669 444 2733 titulo
461 2681 533 2744 est3
557 2670 682 2734 etenim
701 2671 830 2760 majora
848 2673 955 2738 libelli
1043 2651 1053 2667 ⁴

148 2773 192 2838 Et
208 2775 366 2839 diuturna
384 2776 494 2862 magis
511 2786 589 2840 sunt
606 2777 814 2866 monimenta
831 2778 928 2854 mihi,

105 2878 203 2964 Quos
219 2901 285 2966 ego
301 2881 448 2956 confido,
466 2882 623 2968 quamvis
641 2901 801 2962 nocuere,
820 2887 959 2953 daturos

148 2986 286 3052 Nomen
303 2997 336 3052 et
352 2988 481 3052 auctori
496 2999 650 3073 tempora
666 2991 772 3078 longa
790 3010 864 3057 suo.

102 3092 289 3158 Tu‘tamen
307 3093 473 3160 exstincto
489 3094 610 3159 feralia
626 3117 770 3163 munera
787 3117 923 3186 semper
976 3146 978 3150 .
1057 3142 1060 3147 ·

148 3199 270 3286 Deque
286 3201 352 3266 tuis
369 3200 519 3266 lacrimis
536 3202 678 3267 humida
694 3216 784 3269 serta
801 3206 901 3272 dato:

104 3304 275 3390 Qamvis
290 3307 325 3372 in
342 3307 474 3373 cineres
491 3327 615 3394 corpus
633 3311 813 3376 mutaverit
829 3312 933 3400 ignis,
952 3358 955 3363 -

148 3411 280 3478 Sentiet
296 3413 445 3478 officium
463 3426 592 3480 maesta
610 3415 727 3481 favilla
745 3417 851 3502 pium

103 3517 262 3584 Scribere
280 3520 378 3604 plura
394 3519 486 3596 libet,
506 3521 566 3586 sed
583 3543 651 3587 vox
669 3524 751 3588 mihi
768 3526 859 3592 fessa
874 3527 1047 3642 loquendo
1120 3546 1156 3621 33

148 3624 357 3691 Dictandi
325 3646 415 3691 vires
432 3627 591 3714 siccaque
608 3628 727 3716 lingua
744 3644 859 3719 negat

101 3729 234 3816 Accipe
251 3753 411 3816 supremo
428 3733 556 3797 dictum
574 3734 656 3799 mihi
673 3736 812 3802 forsitan
830 3760 928 3814 ore,

149 3836 266 3921 Quod,
285 3837 345 3904 tibi
360 3837 420 3926 qui
435 3838 546 3916 mittit,
564 3860 632 3905 non
649 3841 752 3908 habet
768 3842 854 3929 ipse,
872 3845 993 3912 vnnnl
