2476 4148
88 107 162 181 150.
356 92 426 159 The
449 91 653 180 Apotheosis
675 91 723 176 of
742 88 872 155 Ceasar.
991 105 1139 183 [Mam

87 290 180 376 quod
196 289 239 355 de
255 289 432 355 Dardanio
449 289 559 354 solum
577 286 660 350 mihi
677 295 780 350 restat
796 285 883 350 Iulo.

88 396 206 460 solane
222 416 358 479 semper
374 416 433 459 ero
445 393 544 482 justis
562 392 712 456 exercita
729 389 841 455 curis?

88 522 192 586 quam
209 502 311 565 modo
327 500 486 586 Tydidae
504 497 699 585 Calydonia
715 498 870 560 vulneret
886 499 997 574 hasta,

88 584 180 670 nunc
198 607 286 669 male
303 606 464 669 defensae
482 604 695 673 confundant
709 604 843 668 moenia
859 603 1008 691 Trojae;
1084 635 1137 690 770

88 732 176 796 quae
193 711 328 775 videam
346 721 463 774 natum
480 709 594 797 longis
611 709 780 774 erroribus
797 720 910 773 actum

85 798 275 903 jactarique
292 817 376 880 freto
393 816 560 901 sedesque
577 815 702 878 intrare
719 813 889 891 silentum,

88 923 247 1008 bellaque
265 943 342 986 cum
358 922 477 987 Turno
494 931 717 1009 gerere2aut,
736 920 771 987 si
781 942 868 985 vera.
879 921 1048 1011 fatemur„

90 1049 167 1093 cum
180 1028 316 1114 Junone
334 1026 467 1115 magis?
516 1025 616 1110 Qid.
627 1047 719 1091 nunc
735 1026 880 1113 antiqua
890 1031 1051 1100 recordor.

90 1135 217 1199 damna
233 1134 301 1198 mei
317 1131 476 1221 generis?
523 1132 643 1196 Timor
660 1133 716 1197 hic
733 1134 929 1200 meminisse
945 1135 1103 1221 priorum·

89 1262 159 1304 non
176 1239 274 1304 sinit:
299 1239 333 1302 in
352 1261 405 1302 me
423 1237 499 1303 acui
517 1239 700 1330 sceleratos
717 1234 853 1304 cernitis
870 1263 982 1306 enses.

90 1367 175 1431 quos
192 1345 382 1430 prohibete,
402 1365 534 1429 precor,
554 1344 754 1431 facinusque
771 1345 945 1431 repellitel
970 1369 1058 1419 neve

90 1453 197 1517 caede
214 1451 399 1517 sacerdotis
415 1450 572 1515 flammas
590 1451 794 1539 exstinguite
811 1452 964 1519 Vestae.’

134 1559 235 1623 Talia
253 1557 461 1644 nequiquam
477 1569 545 1627 toto
561 1557 681 1630 Venus
698 1559 802 1623 anxia
818 1561 915 1630 caelo

89 1667 194 1732 verba
203 1665 299 1753 jacit,
312 1685 521 1750 superosque
533 1676 664 1739 movet.;
682 1665 739 1750 qui
753 1688 918 1751 rumpere·
925 1688 1138 1756 quamquam

89 1773 199 1837 ferrea
217 1793 285 1836 non
301 1782 444 1856 possunt
459 1782 611 1840 veterum
628 1770 764 1840 decreta
781 1794 948 1850 sororum,

90 1878 190 1965 signa
206 1888 321 1941 tamen
338 1877 449 1945 luctus
466 1877 547 1941 dant
564 1877 654 1943 haud
671 1877 800 1947 incerta
817 1880 941 1947 futuri..

91 2005 186 2048 arma
202 1984 314 2047 ferunt
329 1983 416 2048 inter
432 1983 549 2070 nigras
566 1983 765 2068 crepitantia
782 1987 891 2052 nubes

89 2090 323 2177 terribilesque
339 2090 451 2165 tubas,
471 2089 653 2176 auditaque
671 2112 799 2168 cornua
816 2095 912 2165 caelo

75 2182 346 2281 'praemonuisse
363 2196 471 2261 nefas.
521 2195 613 2263 Solis
628 2220 763 2283 quoque
780 2199 883 2265 tristis
899 2200 1023 2289 imago.
1086 2219 1138 2288 785

89 2303 200 2367 lurida
217 2302 368 2367 sollicitis
385 2303 571 2387 praebebat
588 2303 716 2369 lumina
729 2305 841 2373 terris.

59 2432 61 2435 ·
89 2430 193 2494 saepe
210 2411 303 2474 faces
320 2409 413 2474 visae
431 2410 552 2474 mediis
569 2411 689 2474 ardere
705 2413 768 2476 sub
786 2413 905 2488 astris3

89 2537 193 2600 saepe
208 2515 295 2579 inter
311 2515 444 2580 nimbos
461 2526 576 2600 guttae
593 2517 748 2582 cecidere
765 2531 938 2585 cruentae.

89 2622 247 2694 caerulus
264 2631 297 2686 et
311 2623 444 2687 vultum
461 2622 635 2708 ferrugine
651 2622 792 2688 Lucifer
809 2636 882 2691 atra

89 2748 228 2813 sparsus
245 2739 329 2803 erat,
348 2728 457 2813 sparsi
473 2728 610 2794 lunares
628 2730 799 2816 sanguine
814 2752 945 2798 currus.
1087 2763 1149 2824 79⁰·

88 2834 195 2898 tristia
212 2835 304 2898 mille
320 2834 405 2899 locis
422 2834 565 2920 Stygius
581 2834 675 2900 dedit
691 2836 809 2916 omina
822 2838 933 2913 bub03

89 2940 182 3005 mille
198 2940 282 3007 locis
298 2941 488 3005 lacrimavit
505 2941 600 3016 ebur,
620 2952 807 3027 cantusque
824 2943 979 3011 feruntur

89 3046 193 3111 auditi
211 3047 336 3112 sanctis
353 3058 386 3112 et
402 3048 505 3113 verba
523 3049 686 3113 minantia
704 3050 802 3116 lucis.

88 3152 225 3216 victima
242 3153 337 3217 nulla
353 3153 437 3228 litat,
456 3175 669 3240 magnosque
685 3155 992 3226 instaretumultus

88 3258 173 3322 fibra
190 3268 324 3334 monet,
336 3280 543 3346 caesumque
561 3273 663 3346 caput
678 3263 843 3347 reperitur
859 3265 893 3330 in
910 3268 999 3333 extis
1009 3290 1019 3344 ;
1085 3299 1137 3358 795

88 3363 192 3448 inque
208 3364 282 3429 foro
299 3365 496 3451 circumque
513 3367 633 3433 domos
650 3379 683 3433 et
698 3372 826 3456 templa
843 3373 985 3440 deorum

87 3479 271 3534 nocturnos
288 3471 437 3539 ululasse
455 3493 572 3548 canes,
591 3475 797 3562 umbrasque
815 3479 974 3546 silentum

88 3575 254 3640 erravisse
272 3575 402 3652 ferunt,.
415 3589 608 3664 motamque
625 3582 977 3651 tremoribus'urbem.

132 3679 214 3745 Non
230 3692 345 3745 tamen
362 3682 503 3748 insidias
519 3696 730 3770 venturaque
746 3688 884 3755 uincere
902 3691 971 3757 fata

86 3787 318 3874 praemonitus
334 3789 614 3873 potueredeum3
640 3791 812 3879 strictique
829 3795 983 3863 feruntur
1083 3819 1139 3874 800
