<?xml version="1.0" encoding="UTF-8"?>
<!DOCTYPE html PUBLIC "-//W3C//DTD XHTML 1.0 Transitional//EN"
    "http://www.w3.org/TR/xhtml1/DTD/xhtml1-transitional.dtd">
<html xmlns="http://www.w3.org/1999/xhtml" xml:lang="en" lang="en">
 <head>
  <title>
</title>
<meta http-equiv="Content-Type" content="text/html;charset=utf-8" />
  <meta name='ocr-system' content='tesseract 3.04.00' />
  <meta name='ocr-capabilities' content='ocr_page ocr_carea ocr_par ocr_line ocrx_word'/>
</head>
<body>
  <div class='ocr_page' id='page_1' title='image "./selectionsfromp00greegoog_0182.png"; bbox 0 0 2476 4148; ppageno 0'>
   <div class='ocr_carea' id='block_1_1' title="bbox 126 83 1177 234">
    <p class='ocr_par' dir='ltr' id='par_1_1' title="bbox 126 83 1177 234">
     <span class='ocr_line' id='line_1_1' title="bbox 126 83 1177 234; baseline -0.01 -16"><span class='ocrx_word' id='word_1_1' title='bbox 126 163 149 218; x_wconf 86' lang='lat'>1.</span> <span class='ocrx_word' id='word_1_2' title='bbox 173 174 197 230; x_wconf 93' lang='lat'>1,</span> <span class='ocrx_word' id='word_1_3' title='bbox 215 155 286 234; x_wconf 74' lang='lat' dir='ltr'>ne]</span> <span class='ocrx_word' id='word_1_4' title='bbox 458 143 631 232; x_wconf 76' lang='lat' dir='ltr'><em>Penelope</em></span> <span class='ocrx_word' id='word_1_5' title='bbox 654 152 687 210; x_wconf 83' lang='lat' dir='ltr'>to</span> <span class='ocrx_word' id='word_1_6' title='bbox 707 138 868 230; x_wconf 75' lang='lat' dir='ltr'>Ulysses.</span> <span class='ocrx_word' id='word_1_7' title='bbox 1116 83 1177 229; x_wconf 63' lang='lat'>{63</span> 
     </span>
    </p>
   </div>
   <div class='ocr_carea' id='block_1_2' title="bbox 157 315 165 329">
    <p class='ocr_par' dir='ltr' id='par_1_2' title="bbox 157 315 165 329">
     <span class='ocr_line' id='line_1_2' title="bbox 157 315 165 329; baseline 0 0"><span class='ocrx_word' id='word_1_8' title='bbox 157 315 165 329; x_wconf 72' lang='grc' dir='ltr'><strong><em>Ι</em></strong></span> 
     </span>
    </p>
   </div>
   <div class='ocr_carea' id='block_1_3' title="bbox 121 339 1177 2862">
    <p class='ocr_par' dir='ltr' id='par_1_3' title="bbox 126 339 1058 533">
     <span class='ocr_line' id='line_1_3' title="bbox 126 339 1058 428; baseline 0 -21"><span class='ocrx_word' id='word_1_9' title='bbox 126 339 241 428; x_wconf 89' lang='lat' dir='ltr'><strong>Atque</strong></span> <span class='ocrx_word' id='word_1_10' title='bbox 260 340 344 406; x_wconf 89' lang='lat' dir='ltr'>alios</span> <span class='ocrx_word' id='word_1_11' title='bbox 360 340 519 416; x_wconf 88' lang='lat' dir='ltr'>reseram,</span> <span class='ocrx_word' id='word_1_12' title='bbox 538 363 624 426; x_wconf 93' lang='lat' dir='ltr'>quos</span> <span class='ocrx_word' id='word_1_13' title='bbox 641 361 759 405; x_wconf 91' lang='lat' dir='ltr'>omnes</span> <span class='ocrx_word' id='word_1_14' title='bbox 775 339 917 424; x_wconf 85' lang='lat' dir='ltr'>turpiter</span> <span class='ocrx_word' id='word_1_15' title='bbox 934 340 1058 407; x_wconf 85' lang='lat' dir='ltr'>absens</span> 
     </span>
     <span class='ocr_line' id='line_1_4' title="bbox 169 445 851 533; baseline -0.001 -23"><span class='ocrx_word' id='word_1_16' title='bbox 169 446 249 532; x_wconf 91' lang='lat' dir='ltr'>Ipse</span> <span class='ocrx_word' id='word_1_17' title='bbox 265 458 322 512; x_wconf 92' lang='lat' dir='ltr'>tuo</span> <span class='ocrx_word' id='word_1_18' title='bbox 338 447 443 532; x_wconf 86' lang='lat' dir='ltr'>partis</span> <span class='ocrx_word' id='word_1_19' title='bbox 461 447 630 533; x_wconf 82' lang='lat' dir='ltr'>sanguine</span> <span class='ocrx_word' id='word_1_20' title='bbox 647 447 749 510; x_wconf 89' lang='lat' dir='ltr'>rebus</span> <span class='ocrx_word' id='word_1_21' title='bbox 766 445 851 511; x_wconf 89' lang='lat' dir='ltr'>alis?</span> 
     </span>
    </p>

    <p class='ocr_par' dir='ltr' id='par_1_4' title="bbox 125 551 1177 746">
     <span class='ocr_line' id='line_1_5' title="bbox 125 551 1177 643; baseline 0.001 -25"><span class='ocrx_word' id='word_1_22' title='bbox 125 552 200 618; x_wconf 90' lang='lat' dir='ltr'>Irus</span> <span class='ocrx_word' id='word_1_23' title='bbox 218 575 324 641; x_wconf 87' lang='lat' dir='ltr'>egens</span> <span class='ocrx_word' id='word_1_24' title='bbox 341 553 542 639; x_wconf 86' lang='lat' dir='ltr'>pecorisque</span> <span class='ocrx_word' id='word_1_25' title='bbox 559 551 772 616; x_wconf 83' lang='lat' dir='ltr'>Melanthius</span> <span class='ocrx_word' id='word_1_26' title='bbox 791 563 884 618; x_wconf 88' lang='lat' dir='ltr'>actor</span> <span class='ocrx_word' id='word_1_27' title='bbox 901 553 1026 619; x_wconf 89' lang='lat' dir='ltr'>edendi</span> <span class='ocrx_word' id='word_1_28' title='bbox 1144 585 1177 643; x_wconf 81' lang='lat'>95</span> 
     </span>
     <span class='ocr_line' id='line_1_6' title="bbox 170 659 916 746; baseline -0.004 -21"><span class='ocrx_word' id='word_1_29' title='bbox 170 659 320 725; x_wconf 90' lang='lat' dir='ltr'>Ultimus</span> <span class='ocrx_word' id='word_1_30' title='bbox 338 661 505 723; x_wconf 84' lang='lat' dir='ltr'>accedunt</span> <span class='ocrx_word' id='word_1_31' title='bbox 521 659 556 721; x_wconf 92' lang='lat' dir='ltr'>in</span> <span class='ocrx_word' id='word_1_32' title='bbox 573 669 631 722; x_wconf 87' lang='lat' dir='ltr'>tua</span> <span class='ocrx_word' id='word_1_33' title='bbox 648 659 775 746; x_wconf 88' lang='lat' dir='ltr'>damna</span> <span class='ocrx_word' id='word_1_34' title='bbox 792 661 916 744; x_wconf 84' lang='lat' dir='ltr'>pudor.</span> 
     </span>
    </p>

    <p class='ocr_par' dir='ltr' id='par_1_5' title="bbox 124 760 1034 958">
     <span class='ocr_line' id='line_1_7' title="bbox 124 760 1034 844; baseline 0.001 -14"><span class='ocrx_word' id='word_1_35' title='bbox 124 760 212 831; x_wconf 90' lang='lat' dir='ltr'>Tres</span> <span class='ocrx_word' id='word_1_36' title='bbox 229 788 346 830; x_wconf 92' lang='lat' dir='ltr'>sumus</span> <span class='ocrx_word' id='word_1_37' title='bbox 363 760 506 829; x_wconf 83' lang='lat' dir='ltr'>inbelles</span> <span class='ocrx_word' id='word_1_38' title='bbox 522 786 678 841; x_wconf 85' lang='lat' dir='ltr'>numeru,</span> <span class='ocrx_word' id='word_1_39' title='bbox 697 763 770 830; x_wconf 89' lang='lat' dir='ltr'>sine</span> <span class='ocrx_word' id='word_1_40' title='bbox 787 766 916 831; x_wconf 91' lang='lat' dir='ltr'>viribus</span> <span class='ocrx_word' id='word_1_41' title='bbox 935 790 1034 844; x_wconf 87' lang='lat' dir='ltr'>uxor,</span> 
     </span>
     <span class='ocr_line' id='line_1_8' title="bbox 169 871 970 958; baseline 0 -22"><span class='ocrx_word' id='word_1_42' title='bbox 169 871 380 957; x_wconf 72' lang='lat' dir='ltr'>Laertesque</span> <span class='ocrx_word' id='word_1_43' title='bbox 397 893 516 946; x_wconf 88' lang='lat' dir='ltr'>senex,</span> <span class='ocrx_word' id='word_1_44' title='bbox 535 871 836 958; x_wconf 82' lang='lat' dir='ltr'>Telemachusque</span> <span class='ocrx_word' id='word_1_45' title='bbox 855 896 953 958; x_wconf 89' lang='lat' dir='ltr'>puer.</span> <span class='ocrx_word' id='word_1_46' title='bbox 968 923 970 926; x_wconf 13' lang='grc' dir='ltr'><em>Α</em></span> 
     </span>
    </p>

    <p class='ocr_par' dir='ltr' id='par_1_6' title="bbox 123 977 1177 1172">
     <span class='ocr_line' id='line_1_9' title="bbox 123 977 1097 1066; baseline 0.002 -23"><span class='ocrx_word' id='word_1_47' title='bbox 123 977 186 1043; x_wconf 92' lang='lat' dir='ltr'>Ille</span> <span class='ocrx_word' id='word_1_48' title='bbox 203 1000 264 1064; x_wconf 91' lang='lat' dir='ltr'>per</span> <span class='ocrx_word' id='word_1_49' title='bbox 280 977 421 1042; x_wconf 91' lang='lat' dir='ltr'>insidias</span> <span class='ocrx_word' id='word_1_50' title='bbox 438 998 549 1062; x_wconf 90' lang='lat' dir='ltr'>paene</span> <span class='ocrx_word' id='word_1_51' title='bbox 567 988 616 1042; x_wconf 92' lang='lat' dir='ltr'>est</span> <span class='ocrx_word' id='word_1_52' title='bbox 634 978 715 1041; x_wconf 90' lang='lat' dir='ltr'>mihi</span> <span class='ocrx_word' id='word_1_53' title='bbox 734 1001 843 1063; x_wconf 88' lang='lat' dir='ltr'>nuper</span> <span class='ocrx_word' id='word_1_54' title='bbox 861 981 1054 1066; x_wconf 89' lang='lat' dir='ltr'>ademptus,</span> <span class='ocrx_word' id='word_1_55' title='bbox 1088 1018 1097 1029; x_wconf 84' lang='lat'><strong>·</strong></span> 
     </span>
     <span class='ocr_line' id='line_1_10' title="bbox 169 1084 1177 1172; baseline 0.007 -23"><span class='ocrx_word' id='word_1_56' title='bbox 169 1085 261 1149; x_wconf 90' lang='lat' dir='ltr'>Dum</span> <span class='ocrx_word' id='word_1_57' title='bbox 279 1096 377 1170; x_wconf 90' lang='lat' dir='ltr'>parat</span> <span class='ocrx_word' id='word_1_58' title='bbox 392 1084 506 1165; x_wconf 84' lang='lat' dir='ltr'>invitis</span> <span class='ocrx_word' id='word_1_59' title='bbox 523 1085 681 1149; x_wconf 90' lang='lat' dir='ltr'>omnibus</span> <span class='ocrx_word' id='word_1_60' title='bbox 698 1085 747 1150; x_wconf 91' lang='lat' dir='ltr'>ire</span> <span class='ocrx_word' id='word_1_61' title='bbox 765 1085 890 1172; x_wconf 88' lang='lat' dir='ltr'>Pylon.</span> <span class='ocrx_word' id='word_1_62' title='bbox 1128 1118 1177 1156; x_wconf 90' lang='lat'>100</span> 
     </span>
    </p>

    <p class='ocr_par' dir='ltr' id='par_1_7' title="bbox 125 1185 1048 1383">
     <span class='ocr_line' id='line_1_11' title="bbox 125 1185 1048 1278; baseline 0.002 -23"><span class='ocrx_word' id='word_1_63' title='bbox 125 1190 183 1265; x_wconf 91' lang='lat' dir='ltr'>Di,</span> <span class='ocrx_word' id='word_1_64' title='bbox 201 1213 334 1276; x_wconf 84' lang='lat' dir='ltr'>precor,</span> <span class='ocrx_word' id='word_1_65' title='bbox 355 1193 420 1255; x_wconf 85' lang='lat' dir='ltr'>hoc</span> <span class='ocrx_word' id='word_1_66' title='bbox 432 1185 587 1278; x_wconf 84' lang='lat' dir='ltr'>jubeant,</span> <span class='ocrx_word' id='word_1_67' title='bbox 605 1203 642 1256; x_wconf 90' lang='lat' dir='ltr'>ut</span> <span class='ocrx_word' id='word_1_68' title='bbox 659 1193 817 1257; x_wconf 86' lang='lat' dir='ltr'>euntibus</span> <span class='ocrx_word' id='word_1_69' title='bbox 834 1191 954 1258; x_wconf 87' lang='lat' dir='ltr'>ordine</span> <span class='ocrx_word' id='word_1_70' title='bbox 966 1192 1048 1257; x_wconf 26' lang='lat' dir='ltr'>,fatis</span> 
     </span>
     <span class='ocr_line' id='line_1_12' title="bbox 169 1297 895 1383; baseline 0.003 -23"><span class='ocrx_word' id='word_1_71' title='bbox 169 1297 232 1362; x_wconf 91' lang='lat' dir='ltr'>Ille</span> <span class='ocrx_word' id='word_1_72' title='bbox 249 1319 343 1362; x_wconf 90' lang='lat' dir='ltr'>meos</span> <span class='ocrx_word' id='word_1_73' title='bbox 361 1299 477 1362; x_wconf 91' lang='lat' dir='ltr'>oculos</span> <span class='ocrx_word' id='word_1_74' title='bbox 496 1299 711 1383; x_wconf 89' lang='lat' dir='ltr'>comprimat,</span> <span class='ocrx_word' id='word_1_75' title='bbox 732 1300 789 1363; x_wconf 90' lang='lat' dir='ltr'>ille</span> <span class='ocrx_word' id='word_1_76' title='bbox 806 1311 895 1364; x_wconf 77' lang='lat' dir='ltr'>tuos,</span> 
     </span>
    </p>

    <p class='ocr_par' dir='ltr' id='par_1_8' title="bbox 124 1403 1083 1576">
     <span class='ocr_line' id='line_1_13' title="bbox 124 1403 1083 1493; baseline 0.002 -26"><span class='ocrx_word' id='word_1_77' title='bbox 124 1403 217 1468; x_wconf 89' lang='lat' dir='ltr'>Hinc</span> <span class='ocrx_word' id='word_1_78' title='bbox 233 1404 362 1469; x_wconf 82' lang='lat' dir='ltr'>faciunt</span> <span class='ocrx_word' id='word_1_79' title='bbox 378 1415 559 1490; x_wconf 88' lang='lat' dir='ltr'>custosque</span> <span class='ocrx_word' id='word_1_80' title='bbox 576 1406 681 1469; x_wconf 87' lang='lat' dir='ltr'>bourn</span> <span class='ocrx_word' id='word_1_81' title='bbox 698 1404 938 1493; x_wconf 75' lang='lat' dir='ltr'>longaevaque</span> <span class='ocrx_word' id='word_1_82' title='bbox 956 1405 1083 1482; x_wconf 86' lang='lat' dir='ltr'>nutrix,</span> 
     </span>
     <span class='ocr_line' id='line_1_14' title="bbox 168 1510 883 1576; baseline 0 -2"><span class='ocrx_word' id='word_1_83' title='bbox 168 1510 305 1574; x_wconf 88' lang='lat' dir='ltr'>Tertius</span> <span class='ocrx_word' id='word_1_84' title='bbox 321 1510 519 1575; x_wconf 85' lang='lat' dir='ltr'>immundae</span> <span class='ocrx_word' id='word_1_85' title='bbox 537 1526 619 1575; x_wconf 86' lang='lat' dir='ltr'>cura</span> <span class='ocrx_word' id='word_1_86' title='bbox 636 1512 747 1576; x_wconf 91' lang='lat' dir='ltr'>fidelis</span> <span class='ocrx_word' id='word_1_87' title='bbox 766 1514 883 1576; x_wconf 85' lang='lat' dir='ltr'>harae.</span> 
     </span>
    </p>

    <p class='ocr_par' dir='ltr' id='par_1_9' title="bbox 123 1614 1174 1811">
     <span class='ocr_line' id='line_1_15' title="bbox 123 1614 1174 1703; baseline 0.007 -22"><span class='ocrx_word' id='word_1_88' title='bbox 123 1614 194 1681; x_wconf 90' lang='lat' dir='ltr'>Sed</span> <span class='ocrx_word' id='word_1_89' title='bbox 211 1637 321 1702; x_wconf 89' lang='lat' dir='ltr'>neque</span> <span class='ocrx_word' id='word_1_90' title='bbox 338 1616 496 1692; x_wconf 75' lang='lat' dir='ltr'>Laertes,</span> <span class='ocrx_word' id='word_1_91' title='bbox 514 1627 551 1681; x_wconf 90' lang='lat' dir='ltr'>ut</span> <span class='ocrx_word' id='word_1_92' title='bbox 566 1617 625 1703; x_wconf 92' lang='lat' dir='ltr'>qui</span> <span class='ocrx_word' id='word_1_93' title='bbox 642 1617 683 1682; x_wconf 87' lang='lat' dir='ltr'>sit</span> <span class='ocrx_word' id='word_1_94' title='bbox 699 1617 827 1682; x_wconf 90' lang='lat' dir='ltr'>inutilis</span> <span class='ocrx_word' id='word_1_95' title='bbox 845 1618 962 1694; x_wconf 87' lang='lat' dir='ltr'>annis,</span> <span class='ocrx_word' id='word_1_96' title='bbox 1127 1647 1174 1703; x_wconf 80' lang='lat'>105</span> 
     </span>
     <span class='ocr_line' id='line_1_16' title="bbox 169 1721 921 1811; baseline 0.001 -26"><span class='ocrx_word' id='word_1_97' title='bbox 169 1721 333 1787; x_wconf 87' lang='lat' dir='ltr'>Hostibus</span> <span class='ocrx_word' id='word_1_98' title='bbox 350 1723 384 1786; x_wconf 90' lang='lat' dir='ltr'>in</span> <span class='ocrx_word' id='word_1_99' title='bbox 403 1723 523 1788; x_wconf 91' lang='lat' dir='ltr'>mediis</span> <span class='ocrx_word' id='word_1_100' title='bbox 540 1739 650 1811; x_wconf 80' lang='lat' dir='ltr'>regna</span> <span class='ocrx_word' id='word_1_101' title='bbox 666 1735 783 1788; x_wconf 87' lang='lat' dir='ltr'>tenere</span> <span class='ocrx_word' id='word_1_102' title='bbox 801 1734 921 1808; x_wconf 87' lang='lat' dir='ltr'>potest.</span> 
     </span>
    </p>

    <p class='ocr_par' dir='ltr' id='par_1_10' title="bbox 121 1828 988 2024">
     <span class='ocr_line' id='line_1_17' title="bbox 121 1828 988 1905; baseline 0 -12"><span class='ocrx_word' id='word_1_103' title='bbox 121 1828 335 1894; x_wconf 89' lang='lat' dir='ltr'>Telemacho</span> <span class='ocrx_word' id='word_1_104' title='bbox 351 1830 476 1905; x_wconf 89' lang='lat' dir='ltr'>veniet,</span> <span class='ocrx_word' id='word_1_105' title='bbox 495 1830 588 1894; x_wconf 88' lang='lat' dir='ltr'>vivat</span> <span class='ocrx_word' id='word_1_106' title='bbox 605 1831 720 1905; x_wconf 90' lang='lat' dir='ltr'>mod0,</span> <span class='ocrx_word' id='word_1_107' title='bbox 740 1830 858 1894; x_wconf 83' lang='lat' dir='ltr'>fortior</span> <span class='ocrx_word' id='word_1_108' title='bbox 874 1841 988 1895; x_wconf 76' lang='lat' dir='ltr'>aetasz</span> 
     </span>
     <span class='ocr_line' id='line_1_18' title="bbox 167 1934 867 2024; baseline 0.001 -26"><span class='ocrx_word' id='word_1_109' title='bbox 167 1934 272 1999; x_wconf 91' lang='lat' dir='ltr'>Nunc</span> <span class='ocrx_word' id='word_1_110' title='bbox 288 1946 360 2000; x_wconf 87' lang='lat' dir='ltr'>erat</span> <span class='ocrx_word' id='word_1_111' title='bbox 376 1936 512 2024; x_wconf 89' lang='lat' dir='ltr'>auxiliis</span> <span class='ocrx_word' id='word_1_112' title='bbox 529 1937 588 2001; x_wconf 92' lang='lat' dir='ltr'>illa</span> <span class='ocrx_word' id='word_1_113' title='bbox 604 1938 731 2001; x_wconf 90' lang='lat' dir='ltr'>tuenda</span> <span class='ocrx_word' id='word_1_114' title='bbox 749 1936 867 2022; x_wconf 85' lang='lat' dir='ltr'>patris.</span> 
     </span>
    </p>

    <p class='ocr_par' dir='ltr' id='par_1_11' title="bbox 122 2041 1174 2233">
     <span class='ocr_line' id='line_1_19' title="bbox 122 2041 955 2128; baseline 0 -21"><span class='ocrx_word' id='word_1_115' title='bbox 122 2041 200 2107; x_wconf 90' lang='lat' dir='ltr'>Nec</span> <span class='ocrx_word' id='word_1_116' title='bbox 216 2042 300 2105; x_wconf 84' lang='lat' dir='ltr'>mihi</span> <span class='ocrx_word' id='word_1_117' title='bbox 317 2053 395 2107; x_wconf 89' lang='lat' dir='ltr'>sunt</span> <span class='ocrx_word' id='word_1_118' title='bbox 410 2043 501 2108; x_wconf 90' lang='lat' dir='ltr'>vires</span> <span class='ocrx_word' id='word_1_119' title='bbox 518 2043 673 2108; x_wconf 89' lang='lat' dir='ltr'>inimicos</span> <span class='ocrx_word' id='word_1_120' title='bbox 692 2045 821 2128; x_wconf 89' lang='lat' dir='ltr'>pellere</span> <span class='ocrx_word' id='word_1_121' title='bbox 838 2044 955 2109; x_wconf 73' lang='lat' dir='ltr'>tectis:</span> 
     </span>
     <span class='ocr_line' id='line_1_20' title="bbox 167 2148 1174 2233; baseline 0.003 -22"><span class='ocrx_word' id='word_1_122' title='bbox 167 2148 223 2212; x_wconf 94' lang='lat' dir='ltr'>Tu</span> <span class='ocrx_word' id='word_1_123' title='bbox 240 2148 337 2213; x_wconf 92' lang='lat' dir='ltr'>citius</span> <span class='ocrx_word' id='word_1_124' title='bbox 353 2149 485 2224; x_wconf 84' lang='lat' dir='ltr'>venias,</span> <span class='ocrx_word' id='word_1_125' title='bbox 504 2159 621 2233; x_wconf 92' lang='lat' dir='ltr'>portus</span> <span class='ocrx_word' id='word_1_126' title='bbox 639 2160 671 2213; x_wconf 90' lang='lat' dir='ltr'>et</span> <span class='ocrx_word' id='word_1_127' title='bbox 688 2170 770 2213; x_wconf 88' lang='lat' dir='ltr'>aura</span> <span class='ocrx_word' id='word_1_128' title='bbox 788 2151 865 2215; x_wconf 89' lang='lat' dir='ltr'>tuis.</span> <span class='ocrx_word' id='word_1_129' title='bbox 953 2194 956 2199; x_wconf 87' lang='lat'>·</span> <span class='ocrx_word' id='word_1_130' title='bbox 1126 2183 1174 2221; x_wconf 87' lang='lat'>110</span> 
     </span>
    </p>

    <p class='ocr_par' dir='ltr' id='par_1_12' title="bbox 122 2253 1095 2445">
     <span class='ocr_line' id='line_1_21' title="bbox 122 2253 1095 2340; baseline 0.003 -21"><span class='ocrx_word' id='word_1_131' title='bbox 122 2253 184 2319; x_wconf 89' lang='lat' dir='ltr'>Est</span> <span class='ocrx_word' id='word_1_132' title='bbox 200 2255 271 2329; x_wconf 92' lang='lat' dir='ltr'>tibi,</span> <span class='ocrx_word' id='word_1_133' title='bbox 291 2256 413 2340; x_wconf 90' lang='lat' dir='ltr'>sitque,</span> <span class='ocrx_word' id='word_1_134' title='bbox 433 2275 566 2338; x_wconf 88' lang='lat' dir='ltr'>precor,</span> <span class='ocrx_word' id='word_1_135' title='bbox 587 2266 726 2340; x_wconf 86' lang='lat' dir='ltr'>gnatus,</span> <span class='ocrx_word' id='word_1_136' title='bbox 744 2257 802 2340; x_wconf 90' lang='lat' dir='ltr'>qui</span> <span class='ocrx_word' id='word_1_137' title='bbox 820 2256 979 2321; x_wconf 91' lang='lat' dir='ltr'>mollibus</span> <span class='ocrx_word' id='word_1_138' title='bbox 997 2256 1095 2322; x_wconf 91' lang='lat' dir='ltr'>annis</span> 
     </span>
     <span class='ocr_line' id='line_1_22' title="bbox 168 2359 787 2445; baseline -0.002 -22"><span class='ocrx_word' id='word_1_139' title='bbox 168 2360 207 2424; x_wconf 92' lang='lat' dir='ltr'>In</span> <span class='ocrx_word' id='word_1_140' title='bbox 225 2361 352 2445; x_wconf 87' lang='lat' dir='ltr'>patrias</span> <span class='ocrx_word' id='word_1_141' title='bbox 370 2371 458 2425; x_wconf 88' lang='lat' dir='ltr'>artes</span> <span class='ocrx_word' id='word_1_142' title='bbox 476 2359 684 2424; x_wconf 89' lang='lat' dir='ltr'>erudiendus</span> <span class='ocrx_word' id='word_1_143' title='bbox 703 2372 787 2424; x_wconf 86' lang='lat' dir='ltr'>erat.</span> 
     </span>
    </p>

    <p class='ocr_par' dir='ltr' id='par_1_13' title="bbox 123 2465 981 2638">
     <span class='ocr_line' id='line_1_23' title="bbox 123 2465 981 2553; baseline 0.002 -22"><span class='ocrx_word' id='word_1_144' title='bbox 123 2467 275 2551; x_wconf 88' lang='lat' dir='ltr'>Respice</span> <span class='ocrx_word' id='word_1_145' title='bbox 291 2465 453 2542; x_wconf 71' lang='lat' dir='ltr'>Laerten,</span> <span class='ocrx_word' id='word_1_146' title='bbox 472 2477 509 2530; x_wconf 90' lang='lat' dir='ltr'>ut</span> <span class='ocrx_word' id='word_1_147' title='bbox 520 2466 594 2553; x_wconf 86' lang='lat' dir='ltr'>jam</span> <span class='ocrx_word' id='word_1_148' title='bbox 611 2485 673 2529; x_wconf 89' lang='lat' dir='ltr'>sua</span> <span class='ocrx_word' id='word_1_149' title='bbox 690 2465 821 2529; x_wconf 91' lang='lat' dir='ltr'>lumina</span> <span class='ocrx_word' id='word_1_150' title='bbox 839 2466 981 2543; x_wconf 82' lang='lat' dir='ltr'>condas,</span> 
     </span>
     <span class='ocr_line' id='line_1_24' title="bbox 168 2572 801 2638; baseline -0.005 -1"><span class='ocrx_word' id='word_1_151' title='bbox 168 2573 369 2638; x_wconf 86' lang='lat' dir='ltr'>Extremum</span> <span class='ocrx_word' id='word_1_152' title='bbox 387 2572 445 2638; x_wconf 88' lang='lat' dir='ltr'>sati</span> <span class='ocrx_word' id='word_1_153' title='bbox 462 2572 604 2637; x_wconf 89' lang='lat' dir='ltr'>sustinet</span> <span class='ocrx_word' id='word_1_154' title='bbox 620 2572 678 2636; x_wconf 89' lang='lat' dir='ltr'>ille</span> <span class='ocrx_word' id='word_1_155' title='bbox 694 2573 801 2637; x_wconf 89' lang='lat' dir='ltr'>diem.</span> 
     </span>
    </p>

    <p class='ocr_par' dir='ltr' id='par_1_14' title="bbox 122 2678 1173 2862">
     <span class='ocr_line' id='line_1_25' title="bbox 122 2678 1173 2767; baseline 0.005 -21"><span class='ocrx_word' id='word_1_156' title='bbox 122 2678 225 2746; x_wconf 87' lang='lat' dir='ltr'>Certe</span> <span class='ocrx_word' id='word_1_157' title='bbox 242 2701 320 2767; x_wconf 81' lang='lat' dir='ltr'>ego,</span> <span class='ocrx_word' id='word_1_158' title='bbox 339 2701 427 2767; x_wconf 89' lang='lat' dir='ltr'>quae</span> <span class='ocrx_word' id='word_1_159' title='bbox 438 2680 577 2744; x_wconf 78' lang='lat' dir='ltr'>sueram</span> <span class='ocrx_word' id='word_1_160' title='bbox 593 2689 626 2743; x_wconf 90' lang='lat' dir='ltr'>te</span> <span class='ocrx_word' id='word_1_161' title='bbox 643 2679 842 2744; x_wconf 88' lang='lat' dir='ltr'>discedente</span> <span class='ocrx_word' id='word_1_162' title='bbox 859 2680 988 2765; x_wconf 87' lang='lat' dir='ltr'>puella,</span> <span class='ocrx_word' id='word_1_163' title='bbox 1075 2721 1077 2724; x_wconf 83' lang='grc'><em>·</em></span> <span class='ocrx_word' id='word_1_164' title='bbox 1125 2712 1153 2752; x_wconf 91' lang='lat'>11</span> <span class='ocrx_word' id='word_1_165' title='bbox 1158 2711 1173 2767; x_wconf 74' lang='grc' dir='ltr'><strong><em>ς</em></strong></span> 
     </span>
     <span class='ocr_line' id='line_1_26' title="bbox 167 2784 905 2862; baseline 0.001 -12"><span class='ocrx_word' id='word_1_166' title='bbox 167 2784 325 2851; x_wconf 88' lang='lat' dir='ltr'>Protinus</span> <span class='ocrx_word' id='word_1_167' title='bbox 342 2796 379 2852; x_wconf 95' lang='lat' dir='ltr'>ut</span> <span class='ocrx_word' id='word_1_168' title='bbox 392 2786 523 2862; x_wconf 83' lang='lat' dir='ltr'>venias,</span> <span class='ocrx_word' id='word_1_169' title='bbox 542 2786 632 2851; x_wconf 88' lang='lat' dir='ltr'>sacta</span> <span class='ocrx_word' id='word_1_170' title='bbox 648 2785 790 2852; x_wconf 88' lang='lat' dir='ltr'>videbor</span> <span class='ocrx_word' id='word_1_171' title='bbox 806 2803 905 2852; x_wconf 87' lang='lat' dir='ltr'>anus.</span> 
     </span>
    </p>
   </div>
   <div class='ocr_carea' id='block_1_4' title="bbox 0 0 1242 4148">
    <p class='ocr_par' dir='ltr' id='par_1_15' title="bbox 0 0 1242 4148">
     <span class='ocr_line' id='line_1_27' title="bbox 0 0 1242 4148; baseline 0 1"><span class='ocrx_word' id='word_1_172' title='bbox 0 0 1242 4148; x_wconf 95' lang='lat' dir='ltr'> </span> 
     </span>
    </p>
   </div>
  </div>
 </body>
</html>
