2476 4148
93 166 161 220 xv.
176 165 250 238 834]
355 147 504 236 Jupiter
512 147 681 234 foratells
703 146 757 212 his
786 147 908 236 Glory.
1080 165 1140 236 151

94 361 130 425 in
147 363 312 447 templum
328 361 457 450 gladii3
481 381 594 447 neque
610 359 703 425 enim
718 359 815 427 locus
831 362 922 427 ullus
938 361 975 426 in
991 361 1088 428 Urbe

95 468 140 532 ad
157 459 289 532 facinus
307 470 483 554 diramque
499 468 624 552 placet,
643 467 707 532 nisi
724 467 833 543 curia,
851 467 1007 532 caedem.
1090 492 1092 495 ·

95 584 167 638 turn
184 596 265 638 vero
282 560 455 659 Cytherea
473 594 577 637 manu
594 573 762 658 percussit
777 585 920 659 utraque

96 690 229 764 pectus
248 691 281 743 et
297 680 447 744 aetheria
465 681 600 744 molitur
618 680 765 744 condere
782 680 887 754 nube,

97 808 165 872 qua
181 786 275 872 prius
292 786 413 851 infesto
430 786 528 850 Paris
545 796 595 850 est
611 797 746 870 ereptus
763 784 920 863 Atridae,
1093 805 1144 876 805

98 903 131 957 et
147 892 356 957 Diomedeos
372 891 511 957 Aeneas
528 891 663 978 fugerat
679 912 789 956 enses.

143 998 287 1062 Talibus
304 1001 395 1062 hanc
411 998 565 1085 genitor:
591 1008 600 1038 ⁴
617 997 701 1062 Sola
717 997 948 1084 insuperabile
965 1000 1086 1079 saturn,

98 1116 192 1180 nata,
210 1126 348 1169 movere
365 1103 492 1205 paras}
512 1105 617 1167 intres
633 1104 713 1168 licet
728 1104 803 1190 ipsa
820 1128 974 1172 sororum
1090 1169 1092 1173 ,

97 1222 188 1276 tecta
203 1211 303 1275 trium
317 1210 324 1275 l
350 1229 469 1276 cernes
486 1210 556 1274 illic
573 1210 747 1276 molimine
764 1225 860 1279 vasto

99 1339 144 1383 ex
161 1338 239 1384 aere
256 1328 289 1382 et
305 1317 414 1382 solido
430 1337 542 1382 rerum
557 1316 726 1381 tabularia
743 1318 845 1396 ferro,
1095 1337 1148 1392 810

100 1445 189 1510 quae
206 1445 316 1510 neque
333 1444 537 1488 concursum
555 1422 655 1497 caeli,
675 1445 785 1510 neque
802 1425 953 1492 fulminis
970 1425 1070 1504 iram,

100 1551 165 1594 nec
182 1539 335 1594 metuunt
351 1530 439 1593 ullas
456 1540 526 1592 tuta
544 1538 644 1613 atque
661 1541 799 1595 aeterna
815 1533 943 1598 ruinas.

100 1636 254 1700 invenies
271 1635 342 1700 illic
357 1635 466 1699 incisa
484 1634 666 1700 adamante
684 1637 826 1721 perenni

100 1743 171 1807 fata
186 1742 234 1806 tui
251 1742 409 1828 generis:
435 1740 505 1827 legi
522 1741 595 1825 ipse
612 1742 794 1829 animoque
812 1743 940 1821 notavi,

101 1859 135 1914 et
150 1849 311 1924 reseram,
329 1869 372 1912 ne
390 1847 435 1912 sis
455 1847 639 1912 etiamnum
657 1849 779 1936 ignara
796 1851 911 1916 futuri.
1100 1869 1150 1937 815

148 1965 157 1995 ⁴
175 1955 244 2020 Hic
260 1975 322 2019 sua
339 1954 535 2038 complevit,
553 1977 710 2041 proquo,
729 1956 915 2044 Cytherea,
933 1958 1083 2034 laboras,

102 2073 256 2146 tempora
273 2060 432 2146 perfectis
449 2081 534 2145 quos
552 2072 660 2127 terrae
677 2063 792 2128 debuit
808 2064 919 2130 annis.

102 2180 139 2233 ut
155 2169 239 2233 deus
257 2167 399 2232 accedat
416 2168 511 2232 caelo
527 2169 731 2254 templisque
748 2170 890 2246 locetur,

103 2287 140 2340 tu
155 2273 261 2338 facies
277 2284 445 2358 natusque
463 2295 557 2349 suus,
576 2273 634 2358 qui
652 2274 798 2339 nominis
816 2277 938 2341 haeres

104 2380 299 2467 impositum
315 2381 401 2444 feret
416 2401 505 2444 unus
522 2401 622 2455 onus,
641 2380 824 2466 caedisque
841 2381 992 2467 parentis
1101 2399 1155 2451 820

104 2512 167 2553 nos
184 2488 219 2551 in
234 2488 325 2553 bella
343 2507 422 2550 suos
439 2485 640 2550 fortissimus
658 2487 746 2551 ultor
763 2488 912 2552 habebit.

104 2595 195 2659 illius
213 2592 372 2678 auspiciis
389 2593 550 2656 obsessae
566 2593 701 2657 moenia
718 2613 839 2678 pacem

104 2703 194 2766 victa
210 2712 327 2787 petunt
344 2699 521 2774 Mutinae3
547 2699 725 2764 Pharsalia
743 2701 864 2765 sentiet
879 2699 997 2776 illum3

105 2809 333 2896 Emathiaque
350 2808 471 2873 iterum
490 2807 673 2871 madefient
689 2806 796 2870 caede
813 2805 984 2891 Philippi;

105 2927 139 2980 et
156 2938 320 3003 magnum
338 2914 464 2980 Siculis
481 2934 606 2978 nomen
624 2912 837 2996 superabitur
853 2913 975 2986 undis;
1103 2931 1153 2998 825

106 3022 325 3108 Romanique
343 3021 439 3086 ducis
456 3021 607 3107 conjunx
625 3016 799 3104 Aegyptia
816 3018 938 3082 taedae

106 3151 175 3192 non
192 3129 278 3192 bene
296 3129 358 3192 fisa
373 3126 495 3212 cadet:
520 3125 712 3210 frustraque
730 3125 793 3188 erit
809 3123 867 3187 illa
884 3124 1026 3202 minata,

107 3235 271 3300 servitura
289 3256 350 3298 suo
367 3231 539 3317 Capitolia
555 3243 669 3296 nostra
689 3229 847 3313 Canopo.

154 3339 274 3422 ‘Qld
291 3339 349 3403 tibi
366 3337 571 3413 barbariem,
591 3348 711 3423 gentes
730 3338 773 3401 ab
791 3345 932 3422 utroque
946 3336 1099 3424 jacentes

108 3447 249 3512 Oceano
266 3442 465 3509 numerem?
492 3442 745 3528 Quodcumque
764 3443 950 3507 habitabile
967 3444 1069 3507 tellus
1106 3463 1157 3528 830

107 3553 261 3628 sustinet,
280 3551 380 3638 hujus
398 3549 479 3623 erit3
505 3561 628 3633 pontus
643 3570 779 3634 quoque
796 3550 920 3614 serviet
937 3549 997 3613 illi.

107 3679 193 3744 pace
211 3659 290 3722 data
305 3656 416 3731 terris,
435 3652 586 3719 animum
605 3653 649 3718 ad
666 3653 779 3718 civilia
795 3666 902 3719 vertet

105 3766 182 3853 jura
200 3785 312 3838 suum,
331 3762 495 3848 legesque
513 3761 596 3825 feret
609 3759 815 3847 justissimus
833 3771 971 3826 auctor:

108 3870 336 3954 exemploque
353 3889 414 3932 suo
432 3887 543 3931 mores
560 3874 669 3952 reget,
687 3864 794 3951 inque?
807 3865 911 3930 futuri
