2476 4148
438 211 440 213 Ι
472 120 622 188 Skorter
644 119 779 187 Poems.
996 110 1152 215 [anonas.

484 434 549 501 111.
597 434 768 502 Aviones.
838 510 841 516 ,

154 633 223 685 THE
234 631 356 683 Amores
368 628 477 683 consist
489 626 522 680 of
530 628 606 682 three
616 627 706 682 books
720 627 752 681 of
760 627 839 682 short
851 645 956 698 poems,
968 645 1034 699 very
1044 628 1152 682 miscel·

100 719 215 772 laneous
231 719 260 770 in
279 717 351 770 their
370 715 503 785 subjects‚
522 714 706 781 sentimental,
720 714 896 784 voluptuous
914 715 1151 785 complimentary‚

100 823 132 859 or
151 806 287 875 personal.
325 804 422 856 Those
443 802 509 856 here
530 802 613 872 given
633 802 734 855 havea
753 802 857 870 special
879 802 1001 867 interest,
1025 818 1055 854 as
1075 802 1152 853 illus-

100 891 203 960 trating
215 890 261 944 the
275 891 365 958 poet's
376 888 475 943 earlier
487 887 649 956 aspiration,
663 885 719 940 and
736 886 784 940 the
801 901 878 940 more
890 885 994 957 playful
1005 893 1105 954 aspect
1117 885 1151 939 of
1210 897 1213 900 ·

99 978 143 1030 his
157 993 247 1031 verse.

301 1203 332 1247 1.
366 1182 437 1248 The
460 1181 547 1247 Poet
570 1183 618 1266 of
630 1181 785 1246 Idleness
812 1180 853 1269 (i.
875 1181 951 1268 15).

183 1389 271 1455 UID
296 1389 392 1465 mihi,
410 1389 517 1454 Livor
533 1389 636 1465 edax,
655 1388 800 1476 ignavos
816 1387 923 1453 obicis
941 1408 1062 1465 annos,

229 1496 433 1583 Ingeniique
449 1479 553 1562 vocas
571 1517 711 1560 carmen
727 1495 845 1560 inertis
861 1492 970 1579 opus?

100 1598 182 1665 Non
199 1622 254 1665 me
271 1622 364 1665 more
380 1612 527 1684 patrum,
547 1600 629 1665 dum
646 1613 782 1664 strenua
799 1599 942 1664 sustinet
957 1609 1052 1664 aetas

117 1766 119 1770 Α
145 1706 303 1772 Praemia
320 1706 459 1770 militiae
476 1705 714 1791 pulverulenta
730 1704 841 1791 sequi,

99 1811 177 1878 Nec
194 1835 247 1876 me
263 1814 425 1876 verbosas
442 1813 538 1898 leges
556 1812 722 1887 ediscere,
742 1832 807 1877 nec
824 1833 879 1877 me
1135 1843 1151 1898 ς

145 1917 284 2005 Ingrato
300 1939 421 1982 vocem
438 1917 647 2002 prostituisse
663 1918 750 1982 foro.

100 2023 246 2089 Mortale
264 2035 326 2100 est,
345 2023 436 2110 quod
453 2024 601 2110 quaeris,
619 2045 728 2108 opust
754 2025 838 2089 mihi
857 2026 949 2090 fama
966 2024 1151 2111 perennis,

146 2131 343 2217 Quaeritur,
362 2131 397 2194 in
412 2141 482 2196 toto
501 2151 636 2215 semper
650 2141 689 2196 ut
703 2132 786 2197 orbe
803 2154 921 2223 canar.

98 2237 201 2303 Vivet
217 2236 435 2312 Maeonides
452 2236 614 2302 Tenedos
632 2236 713 2301 dum
731 2239 831 2303 stabit
848 2250 881 2303 et
897 2238 972 2315 Ide,

144 2344 236 2408 Dum
254 2345 391 2428 rapidas
408 2343 534 2408 Simois
551 2343 585 2407 in
603 2364 698 2408 mare
714 2346 828 2410 volvet
844 2367 966 2431 aquas.
1118 2378 1151 2417 10

97 2449 201 2515 Vivet
217 2462 249 2514 et
264 2450 452 2526 Ascraeus,
472 2451 553 2514 dum
570 2450 688 2514 mustis
705 2472 772 2515 uva
789 2453 944 2529 tumebit,

144 2556 235 2620 Dum
254 2557 352 2620 cadet
368 2556 510 2620 incurva
527 2557 615 2620 falce
631 2567 763 2621 resecta
780 2557 900 2625 Ceres.

98 2661 273 2727 Battiades
289 2683 425 2746 semper
443 2672 509 2726 toto
527 2663 718 2727 cantabitur
734 2666 838 2730 orbez

144 2768 312 2856 Qamvis
329 2768 469 2856 ingenio
486 2790 554 2832 non
570 2771 673 2845 valet,
694 2784 764 2838 arte
780 2773 884 2839 valet.

98 2874 204 2939 Nulla
222 2873 416 2959 Sophocleo
433 2874 546 2939 veniet
558 2876 693 2963 jactura
712 2881 899 2957 cothurn03

142 2980 233 3048 Cum
250 2982 320 3045 sole
338 2991 370 3045 et
386 2981 466 3044 luna
483 3001 619 3068 semper
635 2983 763 3051 Aratus
780 2988 853 3052 erit.
886 3034 888 3038 -

97 3089 189 3153 Dum
208 3088 314 3151 fallax
331 3109 462 3163 servus,
482 3089 587 3155 durus
605 3106 714 3177 pater,
732 3094 887 3179 improba
904 3096 984 3160 lena

59 3253 61 3258 .
141 3194 268 3258 Vivent
284 3205 316 3259 et
332 3197 492 3261 meretrix
509 3199 651 3274 blanda,
670 3200 881 3266 Menandros
899 3201 973 3265 erit.

98 3300 229 3365 Ennius
247 3312 317 3365 arte
335 3323 455 3368 carens
475 3305 687 3390 animosique
700 3302 828 3370 Accius
841 3308 908 3370 oris

143 3406 312 3472 Casurum
330 3411 425 3474 nullo
444 3423 595 3495 tempore
612 3431 736 3474 nomen
754 3411 891 3474 habent.

96 3513 287 3579 Varronem
310 3517 523 3601 primamque
540 3526 648 3579 ratem
664 3536 751 3600 quae
769 3517 898 3581 nesciet
915 3528 1020 3594 aetas,

142 3620 328 3709 Aureaque
345 3621 498 3686 Aesonio
516 3632 613 3707 terga
630 3622 734 3705 petita
750 3620 852 3686 duci?

97 3726 263 3794 Carmina
281 3723 436 3794 sublimis
453 3738 534 3791 tunc
550 3735 629 3790 sunt
645 3727 795 3810 peritura
812 3726 965 3806 Lucreti,

142 3833 256 3899 Exitio
273 3844 381 3897 terras
398 3851 476 3894 cum
493 3828 588 3895 dabit
601 3849 671 3894 una
688 3830 774 3895 dies.
