2476 4148
97 161 276 234 mirque]
377 144 449 212 The
477 144 621 234 Cyclops
644 144 886 234 Polyphemus.
1080 161 1141 228 131

92 342 238 428 pulcher
254 341 433 407 etoctonis
450 342 571 407 iterum
588 343 758 408 natalibus
776 341 871 418 actiS,

93 450 247 538 signarat
260 447 365 513 dubia
382 458 518 513 teneras
535 448 700 535 lanugine
717 450 839 513 malas.
855 452 856 456 ’

94 557 187 622 hunc
203 577 283 644 eg0,
302 576 357 619 me
375 553 528 641 Cyclops
545 555 639 618 nulla
657 576 735 620 cum
751 555 820 620 fine
836 555 993 640 petebat3
1093 567 1146 638 755'

94 684 172 738 nec,
190 663 217 728 si
234 661 433 749 quaesieris,
453 660 569 725 odium
587 658 764 746 Cyclopis,
784 662 924 727 alhorne

94 769 214 835 Acidis
230 770 265 833 in
282 770 379 835 nobis
397 766 498 832 suerit
515 768 738 851 praesentior,
759 769 882 832 edam:
937 785 942 797 ·

94 898 158 963 par
173 888 352 963 utrumque
366 877 442 943 fuit.
493 871 581 938 Prol
607 884 735 957 quanta
751 874 900 958 potentin
917 875 1016 962 regni
1108 907 1109 910 ¹

95 994 158 1059 est,
175 982 295 1048 Venus
312 984 416 1058 alma,
433 982 481 1046 tui
495 979 503 1045 l
529 1000 653 1064 nempe
670 979 728 1044 ille
745 979 883 1045 immitis
899 990 932 1044 et
948 981 1031 1066 ipsis
1138 999 1140 1003 ’

95 1091 284 1155 horrendus
301 1090 408 1165 silvis,
427 1101 459 1154 et
476 1088 569 1153 visus
587 1087 631 1151 ab
650 1085 781 1171 hospite
798 1088 893 1152 nullo
1093 1101 1145 1169 760

94 1198 247 1283 impune,
265 1211 298 1263 et
315 1198 432 1285 magni
450 1219 529 1262 cum
546 1196 598 1261 dis
616 1208 828 1279 contemptor
844 1194 1001 1282 Olympi,

94 1305 176 1391 quid
193 1306 235 1370 sit
251 1326 346 1369 amor
362 1305 474 1379 sentit,
493 1302 665 1388 nostrique
683 1301 843 1386 cupidine
861 1314 980 1387 captus

93 1411 213 1487 uritur,
231 1412 353 1476 oblitus
370 1433 532 1496 pecorum
551 1420 794 1493 antrorumque
812 1430 964 1472 suorum.

134 1517 281 1604 Jamque
297 1518 356 1582 tibi
373 1517 515 1590 formae,
530 1516 671 1604 jamque
687 1525 738 1578 est
755 1513 814 1578 tibi
832 1535 913 1579 cura
930 1514 1104 1600 placendi,

90 1623 162 1711 jam
180 1623 308 1710 rigidos
324 1624 431 1709 pectis
448 1624 576 1697 rastris,
596 1621 823 1708 Polypheme,
844 1621 1008 1705 capillos3
1093 1637 1142 1706 765

89 1731 162 1818 jam
179 1731 260 1794 libet
276 1731 440 1795 hirsutam
456 1730 515 1795 tibi
532 1728 620 1794 salce
637 1728 790 1792 recidere
807 1727 962 1801 barbam,

93 1847 127 1901 et
142 1848 296 1921 spectare
313 1838 402 1901 feros
418 1837 453 1900 in
471 1857 572 1922 aqua,
591 1847 624 1900 et
639 1854 845 1920 componere
861 1834 984 1899 vultus.

93 1943 209 2008 caedis
225 1961 322 2008 amor
337 1942 519 2029 feritasque
536 1943 674 2029 sitisque
690 1941 859 2005 immensa
876 1940 1007 2006 cruoris

36 2042 38 2044 ’
92 2061 239 2125 cessant,
259 2061 291 2114 et
306 2060 396 2114 tutae
412 2049 619 2135 veniuntque
636 2050 828 2133 abeuntque
846 2047 996 2113 carinae.

91 2155 257 2220 Telemus
273 2157 401 2221 interea
418 2156 571 2221 Siculam
590 2155 721 2220 delatus
740 2155 784 2219 ad
801 2152 951 2228 Aetnen,
1091 2183 1144 2238 770

91 2263 256 2328 Telemus
273 2262 491 2350 Eurymides,
510 2284 612 2348 quem
629 2262 724 2325 nulla
740 2260 906 2326 fefellerat
922 2262 1006 2335 ales,

90 2369 275 2434 terribilem
307 2370 546 2456 Polyphemon
584 2368 654 2434 adit
664 2366 885 2443 ;.‘Lumen'
916 2389 996 2455 que,
1031 2369 1142 2456 ‘quod

226 2499 332 2541 unum
891 2487 893 2490 '

91 2582 200 2649 sronte
217 2585 308 2671 geris
326 2584 451 2660 media,
469 2584 578 2670 rapiet
593 2582 673 2649 tibi'
690 2582 775 2649 dixit
791 2584 800 2613 ‘
814 2584 962 2652 Ulixes.’
1079 2603 1081 2607 ’

91 2689 175 2766 risit,
194 2702 226 2756 et
241 2691 249 2720 ‘
262 2690 294 2756 Ο
310 2702 426 2754 vatum
443 2691 672 2767 stolidissime,
692 2693 821 2759 falleris
835 2694 843 2722 '
859 2694 989 2782 inquit:
1032 2704 1036 2712 '

90 2798 214 2861 ‘altera
227 2798 299 2886 jam
316 2799 451 2892 rapuit.'
497 2797 558 2863 Sic
576 2799 698 2863 frustra
716 2822 797 2865 vera
815 2813 1011 2869 monentem
1090 2834 1141 2891 775

91 2903 231 2989 spernit,
250 2914 282 2968 et
300 2915 357 2968 aut
373 2904 534 2991 gradiens
552 2905 682 2992 ingenti
702 2907 799 2972 litora
818 2930 922 2993 passu

90 3011 269 3097 degravat,
288 3022 345 3074 aut
362 3010 470 3075 fessus
487 3012 549 3076 sub
566 3033 676 3096 opaca
693 3015 870 3079 revertitur
886 3027 994 3081 antra.

134 3115 308 3182 Prominet
324 3117 358 3181 in
375 3129 515 3202 pontum
533 3133 698 3186 cuneatus
715 3124 872 3187 acumine
889 3122 994 3210 longo

90 3210 206 3287 collis:
231 3235 411 3310 utrumque
429 3226 517 3290 latus
538 3228 740 3293 circumfluit
757 3229 914 3315 aequoris
930 3230 1045 3294 unda:

89 3331 157 3394 huc
173 3330 264 3396 serus
282 3335 434 3399 ascendit
452 3335 618 3423 Cyclope,
638 3336 837 3421 mediusque
854 3335 979 3400 resedit
990 3343 1009 3410 ;'
1089 3353 1140 3419 780

89 3437 266 3524 lanigerae
283 3442 446 3524 pecudes,
465 3444 559 3507 nullo
576 3443 734 3518 ducente,
753 3449 903 3507 secutae.

88 3544 143 3608 cui
159 3559 339 3633 postquam
360 3552 473 3636 pinus,
494 3550 606 3615 baculi
625 3571 713 3636 quae
730 3549 886 3634 praebuit
901 3571 1015 3624 usum,

88 3664 167 3716 ante
184 3656 289 3738 pedes
306 3657 417 3743 posita
434 3667 496 3730 est,
516 3655 685 3720 antemnis
702 3665 782 3740 apta
797 3654 960 3728 serendis,

87 3754 291 3849 sumptaque
310 3762 533 3828 arundinibus
550 3772 728 3846 compacta
745 3771 796 3826 est
811 3761 924 3825 fistula
940 3771 1090 3837 centum,

87 3879 268 3935 senserunt
284 3869 341 3935 toti
358 3868 506 3954 pastoria
523 3868 623 3934 sibila
640 3880 784 3948 montes,
1087 3886 1137 3957 785
