2476 4148
113 121 135 185 8
288 139 311 182 1.
350 119 420 184 The
449 119 613 186 Creatrbn
637 121 711 184 and
731 120 787 185 tlte
808 119 935 187 Flood.
1023 139 1171 211 [Murrio

114 317 186 382 sive
204 336 324 381 recens
340 316 449 393 tellus,
457 317 665 401 seductaque
682 337 791 400 nuper
808 316 851 381 ab
868 318 936 382 alto
1133 336 1174 390 80

114 422 409 508 aethere‚cognati
427 423 592 486 retinebat
608 424 740 487 semina
757 423 857 486 caeli.

114 552 218 617 quarn
236 542 329 594 satus
348 528 479 612 Iapeto,
499 528 641 593 mixtam
658 527 854 593 fluvialibus
870 530 985 607 undis,

113 639 212 702 finxit
228 637 263 700 in
281 635 432 722 effigiem
450 635 687 699 moderantum
704 647 827 699 cuncta
844 636 999 701 deorum.

114 765 291 830 pronaque
309 764 387 808 cum
404 753 557 826 spectent
573 742 736 804 animalia
753 754 865 805 cetera
882 754 1021 819 terram,

114 874 153 915 os
170 850 298 925 homini
316 850 462 915 sublime
479 848 586 923 dedit,
605 848 807 932 caelumque
822 848 910 912 tueri
971 842 974 846 ⁸
1133 868 1171 936 35

112 957 223 1046 jussit,
241 969 275 1021 et
291 968 422 1021 erectos
438 956 482 1021 ad
500 955 614 1020 sidera
631 955 748 1017 tollere
765 954 891 1018 vultus.

115 1063 177 1136 sic,
197 1064 298 1128 modo
314 1085 402 1150 quae
419 1063 530 1127 fuerat
547 1061 641 1126 rudis
658 1072 691 1124 et
707 1060 780 1124 sine
798 1061 964 1147 imagine,
984 1063 1086 1128 tellus

116 1170 226 1234 induit
241 1170 377 1257 ignotas
395 1170 573 1249 hominum
591 1188 757 1233 conversa
775 1168 918 1252 figuras.

161 1277 298 1340 Auaron
315 1277 424 1360 prima
441 1288 513 1340 sata
530 1287 581 1340 est
598 1287 705 1349 aetas,
722 1295 812 1359 quae
831 1274 966 1339 vindice
982 1275 1092 1353 nullo,

117 1394 237 1466 sponte
254 1404 328 1458 sua,
347 1382 420 1446 sine
438 1383 516 1468 lege
532 1382 635 1446 fidem
652 1392 850 1467 rectumque
868 1381 1014 1445 colebat.
1134 1414 1172 1469 90

117 1510 228 1573 poena
245 1501 421 1574 metusque
438 1488 591 1563 aberant,
611 1509 675 1552 nec
691 1488 796 1552 verba
812 1487 960 1552 minacia
976 1488 1048 1552 fixo

118 1616 196 1660 aere
214 1597 429 1682 legebantur,
449 1617 512 1660 nec
530 1597 675 1680 supplex
691 1595 790 1659 turba
807 1594 947 1658 timebat

114 1702 238 1790 judicis
254 1723 314 1766 ora
330 1701 396 1776 sui,
414 1702 475 1766 sed
492 1712 589 1766 erant
604 1701 676 1766 sine
689 1701 805 1788 judice
822 1701 896 1764 tuti.

118 1810 269 1889 nonduin
288 1829 387 1872 caesa
405 1808 488 1882 suis,
507 1808 726 1894 peregrinum
744 1820 780 1871 ut
797 1807 920 1871 viseret
935 1807 1068 1884 orbem,

119 1915 289 1978 montibus
306 1914 340 1978 in
357 1914 504 1999 liquidas
521 1914 621 1998 pinus
637 1915 862 1979 descenderat
879 1915 1004 1991 undas,
1135 1944 1169 2003 95

119 2021 281 2107 nullaque
299 2022 456 2085 mortales
474 2032 608 2105 praeter
624 2041 686 2084 sua
704 2021 800 2085 litora
817 2033 951 2086 norant.

17 2177 24 2191 .
86 2157 88 2161 ⁴
118 2127 270 2191 nondum
288 2127 492 2211 praecipites
509 2127 695 2213 cingebant
711 2129 837 2212 oppida
854 2127 988 2194 fossae:

118 2257 187 2299 non
204 2234 285 2298 tuba
301 2234 433 2309 directi,
452 2256 519 2298 non
537 2234 625 2298 aeris
642 2255 770 2299 cornua
787 2235 881 2310 flexi,

119 2364 187 2406 non
204 2341 428 2428 galeae„n0n
444 2341 536 2405 ensis
553 2352 669 2413 erant3
695 2341 769 2406 sine
787 2343 902 2408 militis
919 2365 984 2409 usu

119 2449 236 2512 mollia
252 2467 393 2512 securae
411 2448 621 2534 peragebant
637 2447 705 2511 otia
722 2461 855 2534 gentes.
1122 2483 1172 2524 ιω

118 2554 194 2637 ipsa
210 2573 345 2639 quoque
361 2554 522 2618 immunis
538 2564 713 2639 rastroque
729 2555 869 2632 intacta,
887 2576 953 2622 nec
968 2556 1048 2623 ullis

119 2659 236 2725 saucia
253 2658 459 2732 vomeribus
479 2680 540 2744 per
555 2680 592 2723 se
609 2660 712 2724 dabat
727 2663 842 2726 omnia
859 2663 980 2728 tellus:

120 2766 336 2851 contentique
354 2765 437 2830 cibis
454 2767 548 2830 nullo
565 2779 710 2853 cogente
727 2771 863 2847 creatis,

118 2874 277 2937 arbuteos
294 2872 380 2936 fetus
398 2883 626 2958 montanaque
643 2873 742 2966 fraga
759 2876 933 2963 legebant,

119 2999 291 3065 cornaque
309 2989 341 3042 et
357 2978 392 3041 in
408 2978 501 3044 duris
518 2979 693 3044 haerentia
712 3004 807 3047 mora
824 2984 963 3059 rubetis,
1122 3015 1171 3071 105

118 3097 151 3150 et
166 3107 255 3172 quae
272 3084 468 3149 deciderant
485 3087 602 3171 patula
614 3087 710 3172 Jovis
726 3090 846 3154 arbore
863 3091 1023 3176 glandes.

118 3214 178 3257 ver
194 3204 267 3257 erat
278 3204 473 3266 aeternum,
492 3195 687 3281 placidique
702 3196 893 3280 tepentibus
910 3196 1002 3260 auris

118 3299 314 3362 mulcebant
331 3299 472 3385 zephyri
490 3313 586 3364 natos
604 3301 678 3364 sine
694 3301 824 3365 semine
842 3301 954 3367 flores.

119 3427 199 3469 mox
216 3405 317 3468 etiam
336 3405 452 3492 fruges
470 3407 570 3470 tellus
586 3407 717 3470 inarata
734 3407 877 3482 ferebat,

118 3533 182 3575 nec
199 3523 381 3576 renovatus
399 3534 482 3599 ager
499 3513 651 3598 gravidis
668 3514 813 3579 canebat
830 3515 960 3580 aristis:
1123 3545 1134 3587 ι
1141 3549 1173 3587 10

117 3618 259 3683 fiumina
273 3620 344 3708 jam
363 3621 473 3694 lactis,
488 3620 560 3706 jani
577 3618 718 3683 flumina
736 3622 882 3686 nectaris
899 3622 1005 3698 ibant,

118 3725 275 3812 flavaque
293 3727 336 3790 de
352 3726 450 3790 viridi
468 3726 641 3790 stillabant
657 3725 733 3789 ilice
750 3729 863 3791 mella.

164 3834 350 3919 Postquam
367 3831 515 3897 Saturno
533 3833 712 3898 tenebrosa
730 3834 762 3896 in
779 3834 926 3900 Tartara
943 3836 1047 3905 misso
