2476 4148
105 107 151 198 46
383 109 532 175 Perseus
554 109 628 175 aad
647 108 886 177 Andromeda.
1014 125 1156 198 [Munus

106 316 253 392 occupat
268 327 441 383 aversum,
459 328 527 372 neu
543 328 647 372 saeva
663 315 855 394 retorqueat
870 326 943 381 ora,

106 413 333 500 squamigeris
351 414 468 478 avidos
484 413 558 500 figit
574 413 763 478 cervicibus
777 433 936 504 ungues:

105 520 155 586 sic
172 521 262 584 celer
278 519 431 584 immisso
448 539 614 604 praeceps
631 540 692 604 per
708 519 812 583 inane
828 519 944 583 volatu

103 637 202 713 terga
219 625 312 690 ferae
329 625 462 709 pressit,
482 625 669 711 dextroque
688 624 861 688 frementis
877 623 912 688 in
929 645 1025 692 armo

104 732 287 797 Inachides
304 731 430 795 serrum
447 751 553 796 curvo
568 741 667 795 tenus
684 730 814 795 abdidit
829 731 945 796 hamo.
1102 763 1154 818 720

102 841 244 904 vulnere
260 839 355 902 laesa
372 837 482 924 gravi,
501 838 603 902 modo
619 857 656 902 se
673 835 828 901 sublimis
843 837 879 901 in
896 858 997 903 auras

103 945 234 1020 attollit,
252 944 354 1008 modo
371 943 484 1008 subdit
500 941 610 1028 aquis,
628 943 731 1006 modo
747 964 841 1008 more
857 943 979 1009 ferocis

102 1061 216 1116 versat
232 1050 318 1134 apri,
336 1070 438 1135 quem
456 1049 554 1113 turba
571 1069 697 1113 canum
714 1048 928 1115 circumsona
944 1060 1057 1117 terret.

102 1157 160 1222 ille
178 1155 295 1221 avidos
313 1177 445 1220 morsus
461 1155 636 1220 velocibus
653 1154 774 1243 effugit
790 1157 874 1232 alis3

102 1284 238 1350 quaque
256 1271 383 1346 patent,
401 1281 494 1325 nunc
509 1271 607 1347 terga
624 1261 717 1326 cavis
734 1284 837 1347 super
852 1263 961 1328 obsita
978 1264 1134 1342 conchis,

101 1390 195 1435 nunc
211 1369 354 1432 laterum
371 1379 497 1442 costas,
516 1387 608 1432 nunc
625 1389 692 1453 qua
707 1368 907 1434 tenuissima
924 1371 1035 1436 cauda

101 1475 225 1540 desinit
241 1474 275 1538 in
292 1473 436 1558 piscem,
454 1473 579 1538 falcato
594 1474 751 1539 verberat
767 1495 861 1540 ense.

100 1583 204 1647 belua
220 1582 366 1666 puniceo
383 1580 506 1645 mixtos
522 1600 600 1644 eum
618 1580 787 1668 sanguine
803 1581 925 1648 fluctus

100 1711 160 1755 ore
175 1688 301 1753 vomit:
327 1687 489 1750 maduere
506 1706 630 1773 graves
647 1688 830 1775 aspergine
847 1710 994 1774 pennae.

146 1794 224 1859 Nec
239 1793 364 1858 bibulis
381 1794 468 1857 ultra
485 1792 631 1858 Perseus
647 1794 812 1859 talaribus
829 1815 932 1860 ausus
1099 1828 1153 1883 730

102 1901 255 1975 credere,
275 1898 452 1983 conspexit
468 1899 659 1984 scopulum,
677 1899 735 1985 qui
751 1900 876 1966 vertice
893 1922 1027 1968 summo

102 2007 268 2074 stantibus
286 2016 395 2069 exstat
412 2005 522 2091 aquis,
540 2005 690 2090 operitur
706 2007 750 2070 ab
768 2027 914 2092 aequore
933 2019 1032 2074 moto.

30 2116 34 2122 ’
102 2115 204 2178 nixus
221 2134 275 2186 eo,
294 2111 454 2197 rupisque
471 2122 591 2176 tenens
603 2111 689 2198 juga
706 2113 829 2197 prima,
847 2112 983 2179 sinistra

102 2233 153 2285 ter
169 2229 289 2306 quater
305 2218 421 2304 exegit
437 2218 578 2302 repetita
595 2239 655 2302 per
671 2219 730 2283 ilia
747 2218 885 2284 ferrum.

102 2327 201 2392 litora
218 2346 296 2389 cum
313 2325 435 2409 plausu
453 2324 582 2388 clamor
599 2345 808 2410 superasque
824 2327 967 2391 deorum
1099 2358 1151 2415 735

102 2435 286 2518 implevere
304 2434 435 2497 domos.
485 2430 658 2505 Gaudent,
677 2452 912 2518 generumque
929 2434 1089 2511 salutant,

103 2542 338 2626 auxiliumque
355 2538 477 2603 domus
494 2548 769 2624 servatoremque
786 2538 933 2603 fatentur

103 2650 270 2735 Cassiope
287 2646 517 2732 Cepheusque
535 2654 642 2729 pater.
691 2644 859 2711 Resoluta
876 2646 1004 2712 catenis

102 2757 229 2822 incedit
244 2756 356 2842 virgo,
375 2752 589 2838 pretiumque
605 2761 639 2815 et
653 2771 760 2815 causa
776 2752 915 2817 laboris.
943 2737 946 2742 Δ
1059 2733 1063 2740 ’

148 2863 227 2948 Ipse
244 2884 366 2926 manus
383 2861 505 2924 hausta
521 2858 677 2922 victrices
695 2858 800 2922 abluit
815 2860 929 2924 undat
1099 2889 1153 2946 740

102 2970 388 3058 anguiferumque
404 2977 507 3052 caput
522 2966 607 3030 dura
625 2986 668 3029 ne
685 2965 798 3029 laedat
814 2986 931 3041 arena,

103 3077 211 3141 mollit
227 3078 369 3140 humum
386 3075 488 3148 foliis,
507 3084 673 3159 natasque
691 3072 753 3135 sub
771 3091 917 3156 aequore
934 3071 1051 3160 virgas

103 3183 233 3258 sternit,
252 3194 285 3247 et
300 3182 443 3268 imponit
459 3181 698 3266 Phorcynidos
714 3199 774 3244 ora
791 3177 972 3244 Medusae.

102 3290 202 3378 virga
217 3311 337 3354 recens
353 3289 538 3373 bibulaque
556 3287 741 3351 etiamnum
758 3286 837 3351 viva
854 3287 1005 3351 medulla

102 3398 171 3463 vim
189 3397 300 3482 rapuit
317 3394 469 3469 monstri,
488 3405 647 3478 tactuque
664 3394 813 3460 induruit
830 3394 944 3482 hujus,
1100 3425 1152 3481 745

103 3503 321 3590 percepitque
339 3521 465 3564 novum
482 3499 587 3562 ramis
604 3509 637 3563 et
653 3498 773 3565 fronde
790 3501 953 3589 rigorem.

104 3623 139 3675 at
154 3608 269 3695 pelagi
286 3606 461 3692 nymphae
477 3605 604 3669 sactum
622 3604 776 3670 mirabile
792 3618 958 3692 temptant

103 3717 256 3803 pluribus
274 3713 309 3778 in
324 3712 443 3798 virgis,
463 3720 496 3774 et
511 3710 602 3774 idem
620 3711 817 3799 contingere
835 3715 1000 3799 gaudent,

103 3823 303 3908 seminaque
321 3818 447 3885 exiliis
465 3817 586 3880 iterant
597 3816 725 3904 jactata
743 3839 804 3902 per
819 3819 943 3885 undas.
