2476 4148
98 104 142 191 3¹¹⁶
391 106 462 173 The
485 97 617 173 Scarch
641 106 689 192 of
708 99 871 173 cadmus.
1005 118 1149 199 [ffiffi

97 303 252 370 cedendo
269 304 419 379 arcebat,
436 323 502 368 nec
519 302 656 390 longius
673 302 721 368 i're
738 296 892 368 sinebat:
936 318 943 325 '
961 320 964 325 ·

97 410 208 474 donec
223 408 441 498 Agenorides
458 409 649 496 conjectum
666 409 702 473 in
716 420 855 496 gutture
871 411 999 476 ferrum
1111 427 1151 500 96

95 537 204 602 usque
221 526 368 601 sequens
385 515 518 600 pressit,
534 515 618 580 'dum
634 527 724 579 retro
740 535 887 601 quercus
901 512 997 581 'eunti

96 621 234 697 obstitit,
253 634 286 686 et
301 622 371 685 fixa
388 631 439 685 e'st
454 621 579 706 pariter
595 641 673 685 curn
690 614 811 685 robore
828 620 957 686 cervix.

97 728 248 812 pondere
266 727 432 812 serpentis
449 718 588 791 curuata
603 738 656 791 est
672 718 787 803 arbor,
804 737 838 791 et
850 722 943 792 imae

96 843 192 919 parte
208 833 379 921 flagellari
396 835 527 920 gemuit
543 852 605 897 sua
620 833 743 897 robora
759 832 904 898 caudae.

141 938 235 1004 Dum
251 940 399 1024 spatium
415 940 523 1003 victor
538 938 618 1003 victi
635 938 827 1003 considerat
843 938 962 1014 hostis,
1110 944 1147 1029 93
1213 930 1216 934 ’

96 1067 164 1111 vox
177 1033 288 1111 subito
300 1045 417 1110 audita
431 1056 501 1119 est3
519 1064 631 1130 neque
640 1054 714 1108 erat
727 1064 937 1130 cognoscere
946 1042 1146 1132 promptum

95 1152 200 1227 unde,
214 1152 274 1216 sed
288 1151 402 1215 audita
416 1156 487 1215 e'st:
503 1161 511 1190 ⁶
527 1148 635 1234 Quid,
647 1148 812 1237 Agenore
826 1148 1150 1237 na'te,peremprtim

96 1267 289 1343 serpentem
305 1255 461 1342 spectas?
485 1267 518 1321 et
533 1266 568 1320 tu
585 1256 784 1340 spectabere
800 1257 965 1342 serpens!

95 1363 153 1429 ille
170 1364 227 1429 diu
244 1363 389 1449 pavidus
405 1362 531 1448 pariter
548 1377 626 1426 cunt
643 1373 756 1428 mente
769 1360 922 1428 'colorem

95 1469 302 1555 perdiderat,
321 1470 504 1557 gelidoque
521 1486 639 1535 comae
656 1480 783 1534 terrore
800 1469 970 1556 rigebant.
1038 1492 1041 1497 ¹
1094 1491 1149 1543 ἰω
1187 1507 1189 1510 >

96 1597 177 1641 ecce
193 1576 256 1640 viri
272 1576 410 1651 fautrix,
429 1566 571 1661 superas
588 1574 730 1660 delapsa
746 1596 808 1661 per
824 1587 926 1640 auras

95 1663 213 1746 Pallas
228 1683 336 1758 adest,
356 1693 535 1767 motaeque
548 1681 644 1769 jubet
660 1676 853 1768 subponere
868 1679 980 1747 terrae

94 1787 251 1873 vipereos
267 1787 399 1863 denteS,
417 1787 536 1874 populi
551 1784 761 1852 incrementa
779 1788 892 1852 futuri.

95 1904 205 1980 paret,
223 1904 255 1958 et
271 1904 308 1958 ut
323 1902 442 1979 presso
459 1895 591 1958 sulcum
609 1893 768 1979 patefecit
784 1905 910 1971 aratro,

95 2000 228 2088 spargit
244 2000 338 2064 humi
351 2000 478 2088 jussos,
498 2001 654 2065 mortalia
670 2001 965 2076 semina,·dentes.
1096 2026 1147 2092 ως

94 2105 175 2172 inde
186 2106 307 2172 -fide
325 2106 491 2194 majus-
501 2106 625 2193 glebae
642 2102 787 2192 coepere
803 2107 946 2186 moveri,

94 2213 272 2302 primaque
289 2214 332 2279 de
349 2213 453 2279 sulcis
472 2212 564 2279 acies
582 2214 740 2300 apparuit
756 2215 895 2290 hastae3

93 2321 247 2409 tegmina
264 2341 345 2386 mox
354 2321 510 2406 ‘capitum
528 2321 618 2406 picto
635 2315 788 2386 nutantia
802 2317 913 2398 con03

94 2446 175 2493 mox
185 2427 318 2493 humeri
330 2416 515 2515 pectusque
523 2439 732 2514 onerataque
746 2429 911 2493 'bracchia
926 2428 1003 2495 telis

94 2533 271 2608 exsistunt,
290 2535 478 2620 crescitque
494 2554 596 2620 seges
612 2526 758 2619 clipeata
773 2529 936 2600 virorum.
1094 2554 1146 2608 rra

94 2639 144 2704 sic
160 2638 218 2703 ubi
234 2629 397 2703 tolluntur
413 2639 506 2704 festis
523 2631 645 2704 aulaea
660 2632 814 2716 theatris,

94 2766 236 2832 surgere
253 2745 353 2831 signa
371 2747 492 2820 solent,
511 2747 727 2832 primumque
744 2740 922 2812 ostendere
938 2742 1065 2825 vultus,

93 2861 206 2916 cetera
223 2851 409 2936 paulatim3
434 2852 639 2938 placidoque
656 2853 777 2916 educta
793 2864 910 2918 tenore

92 2967 162 3023 tota
178 2968 306 3042 patent,
324 2958 460 3042 imoque
477 2959 583 3042 pedes
598 2958 634 3022 in
651 2951 807 3044 margine
823 2955 965 3043 ponunt.

137 3063 292 3129 Territus
309 3056 405 3129 host‘e
421 3085 511 3129 novo
527 3062 682 3129 Cadmus
698 3080 822 3149 capere
839 3083 934 3128 arma
951 3056 1116 3148 paraba't‘:

94 3167 173 3234 ‘Ne
190 3169 294 3255 cape’
312 3170 354 3234 de
371 3170 497 3255 populo
514 3188 616 3256 quem
633 3163 723 3234 terra
740 3164 915 3235 creaverat
929 3168 1019 3235 unus

92 3275 277 3350 exclamat,
297 3285 431 3340 ‘necte
448 3276 603 3341 civilibus
620 3275 731 3340 insere
747 3271 871 3341 bellis?

93 3391 193 3467 atque
209 3381 255 3446 ita
271 3380 449 3468 terrigenis
465 3375 578 3469 rigido
594 3381 637 3446 de
653 3380 812 3447 fratribus
828 3378 936 3447 unum

92 3487 247 3554 cominus
264 3508 346 3551 ense
363 3487 459 3552 serit:
479 3488 595 3576 jaculo
612 3488 703 3553 cadit
718 3489 853 3553 eminus
868 3485 954 3573 ipse.

91 3593 336 3679 huncquoque
353 3591 410 3678 qui
426 3592 493 3658 leto
510 3592 662 3670 dederat,
679 3614 749 3659 non
766 3590 903 3681 longius
919 3593 978 3658 illo
1090 3618 1141 3666 mo

90 3699 184 3775 vivit,
203 3710 236 3766 et
252 3699 402 3784 exspirat
418 3689 519 3763 modo
534 3713 621 3784 quas
637 3711 830 3785 acceperat,
849 3700 962 3765 auras.
1027 3745 1030 3749 ,

91 3807 318 3895 exemploque
327 3804 407 3893 pari
423 3803 504 3870 furit
518 3805 629 3870 omnis
646 3805 756 3883 turba,
775 3827 905 3892 suoque
965 3831 968 3839 ·

584 4062 619 4080 ‘s'
