2476 4148
89 178 115 259 1.
134 176 212 250 351.]
353 156 388 224 Τ
381 150 424 223 de
457 156 590 224 Waters
613 178 676 224 are
699 157 862 224 recalled.
1101 175 1141 248 15

89 354 148 420 hic
163 353 222 420 ubi
239 352 432 419 Deucalion
443 375 579 418 -nam
596 363 708 420 cetera
724 364 856 420 texerat
872 350 1055 444 aequor-

89 483 170 528 eum
187 472 343 526 consorte
359 459 422 526 tori
438 481 545 546 parva
561 471 633 526 rate
649 471 767 526 vectus
784 462 951 539 adhaesit,

90 566 283 654 Corycidas
299 567 471 652 nymphas
488 576 521 632 et
536 567 678 630 numina
696 566 819 632 montis
836 569 991 645 adorant,
1091 601 1144 656 320

89 673 334 758 fatidicamque
349 671 514 748 Themin,
531 692 621 758 quae
636 682 718 737 tunc
733 673 849 738 oracla
866 676 1013 740 tenebat.

90 801 160 845 non
176 779 235 844 illo
252 779 372 843 melior
388 778 570 864 quisquam
586 799 652 843 nec
668 778 836 844 amantior
853 781 954 869 aequi

89 886 143 952 vir
158 886 232 961 tuit,
252 898 310 951 aut
325 885 386 950 illa
401 886 604 951 metuentior
618 887 690 951 ulla
707 888 861 952 deorum.

131 991 290 1079 Juppiter
305 1003 342 1056 ut
357 991 495 1078 liquidis
512 1003 674 1079 stagnare
690 993 873 1077 paludibus
889 995 1021 1072 orbem,

90 1111 125 1165 et
140 1119 321 1184 superesse
337 1098 448 1162 virum
465 1099 509 1163 de
524 1109 572 1162 tot
588 1099 689 1164 modo
705 1099 843 1165 milibus
859 1122 979 1178 unum,
1091 1132 1142 1188 325

90 1191 125 1271 et
140 1226 320 1290 superesse
336 1204 430 1269 videt
444 1205 488 1269 de
504 1214 552 1270 tot
567 1205 669 1270 modo
686 1205 823 1271 milibus
838 1227 957 1283 unam,

90 1310 258 1377 innocuos
274 1311 408 1387 ambos,
426 1311 572 1376 cultores
588 1311 739 1376 numinis
756 1311 889 1388 ambos,

90 1418 210 1484 nubila
226 1418 371 1506 disjecit,
390 1416 584 1503 nimbisque
601 1418 760 1503 aquilone
776 1418 916 1484 remotis

91 1535 126 1590 et
141 1525 238 1589 caelo
253 1535 361 1589 terras
377 1523 536 1600 ostendit,
555 1535 588 1588 et
604 1524 743 1588 aethera
759 1524 870 1589 terris.

91 1651 157 1696 nec
173 1630 277 1696 maris
293 1630 343 1695 ira
361 1641 488 1706 manet,
506 1629 684 1715 positoque
699 1629 885 1716 tricuspide
900 1631 968 1696 telo
1091 1663 1144 1717 330

92 1738 219 1802 mulcet
235 1757 342 1822 aquas
358 1748 468 1802 rector
484 1736 613 1823 pelagi,
631 1757 804 1824 supraque
820 1737 1029 1821 profundum

30 1848 33 1855 '
91 1854 282 1909 exstantem
299 1854 400 1932 atque
417 1842 578 1907 humeros
594 1842 711 1907 innato
729 1842 857 1907 murice
872 1854 1000 1909 tectum

91 1949 289 2015 caeruleum
305 1949 448 2013 Tritona
464 1958 576 2022 vocat,
599 1950 821 2036 conchaeque
837 1950 971 2015 sonanti

90 2055 260 2143 inspirare
273 2054 382 2143 jubet,
400 2054 590 2140 fluctusque
608 2067 641 2120 et
656 2055 799 2120 flumina
816 2056 917 2143 signo

87 2163 162 2251 jam
178 2175 339 2227 revocare
356 2161 449 2226 dato.
498 2159 595 2226 Cava
611 2160 737 2226 bucina
753 2162 897 2226 sumitur
912 2161 961 2225 illi
1091 2191 1142 2248 335

90 2268 223 2344 tortilis,
242 2268 277 2332 in
293 2268 400 2332 latum
416 2288 505 2354 quae
520 2268 654 2331 turbine
671 2267 793 2332 crescit
809 2269 853 2331 ab
869 2267 953 2342 imo,
966 2304 1013 2315 -

90 2374 231 2451 bucina,
249 2395 338 2461 quae
354 2373 469 2439 medio
485 2372 643 2458 concepit
658 2372 716 2437 ubi
733 2377 814 2436 aera
830 2382 946 2458 ponto,

90 2481 190 2546 litora
205 2500 290 2546 voce
307 2480 416 2566 replet
431 2480 494 2545 sub
511 2490 654 2567 utroque
666 2478 817 2567 jacentia
834 2477 989 2544 Phoebo·
1031 2489 1033 2492 ’

89 2598 173 2652 tunc
189 2607 338 2675 quoque,
355 2598 392 2651 ut
406 2607 467 2651 ora
484 2586 539 2651 dei
557 2585 695 2651 madida
711 2584 861 2657 rorantia
877 2586 986 2650 barba

91 2693 248 2783 contigit,
265 2702 298 2756 et
314 2692 437 2757 cecinit
449 2692 564 2780 jussos
580 2691 697 2756 inflata
714 2703 885 2777 receptus,
1091 2722 1144 2778 340

90 2799 250 2874 omnibus
267 2799 381 2864 audita
398 2810 449 2863 est
464 2798 594 2863 telluris
611 2810 644 2863 et
659 2799 816 2884 aequoris
832 2798 934 2863 undis

90 2915 125 2970 et
140 2904 263 2993 quibus
280 2913 331 2969 est
345 2904 447 2969 undis
464 2904 592 2980 audita,
611 2904 762 2969 coercuit
777 2926 910 2969 omnes.

89 3009 234 3075 flumina
251 3009 443 3084 subsidunt,
462 3006 635 3097 collesque
653 3010 747 3075 exire
762 3011 940 3076 videntur:

87 3117 161 3206 jam
178 3137 273 3181 mare
289 3116 368 3181 litus
385 3115 508 3190 habet3
534 3116 654 3200 plenos
671 3116 761 3200 capit
778 3117 895 3182 alveus
912 3137 1051 3190 amnes3

91 3223 203 3310 surgit
218 3223 363 3297 hurnus3
388 3233 546 3287 crescunt
562 3222 638 3287 loca
656 3223 931 3287 decrescentibus
948 3223 1069 3298 undis3
1091 3253 1141 3310 345

91 3340 236 3415 postque
252 3328 344 3393 diem
360 3329 501 3415 longam
519 3329 646 3393 nudata
663 3328 843 3392 cacumina
860 3329 968 3393 silvae

90 3436 286 3511 ostendunt,
305 3434 493 3520 limumque
509 3445 625 3499 tenent
640 3433 676 3498 in
693 3435 812 3499 fronde
829 3435 996 3500 relictum.

137 3539 309 3606 Redditus
324 3540 416 3606 orbis
433 3551 526 3604 eratz
550 3561 652 3626 quem
668 3551 850 3626 postquam
866 3540 950 3605 vidit
966 3540 1106 3605 inanem

91 3656 125 3712 et
140 3647 312 3737 desolatas
329 3667 434 3732 agere
452 3647 520 3710 alta
536 3645 672 3711 silentia
687 3658 808 3722 terras,

90 3751 286 3818 Deucalion
303 3751 453 3817 lacrimis
469 3752 515 3816 ita
532 3751 703 3838 Pyrrham
721 3752 844 3817 att'atur
860 3752 1007 3819 obortis:
1092 3784 1144 3839 350

91 3870 102 3900 ‘
119 3857 152 3926 Ο
167 3879 276 3936 soror,
294 3879 315 3926 o
332 3857 495 3947 conjunx,
513 3879 534 3924 o
550 3857 678 3923 semina
694 3859 767 3923 sola
784 3870 968 3944 superstes,
1150 3852 1152 3859 ’
