2476 4148
94 146 140 216 40
263 178 265 181 .
406 126 586 214 Pyramus
604 126 677 191 and
704 125 839 192 Thisbe.
1003 139 1147 212 [Murum

96 322 263 388 audacem
279 323 426 389 faciebat
443 344 547 389 amor.
595 322 699 388 Venit
715 343 796 388 ecce
813 321 942 387 recenti
974 354 976 358 >

95 431 202 494 caede
219 431 340 494 leaena
356 431 459 494 boum
477 441 674 514 spumantes
692 429 795 494 oblita
813 430 930 504 rictus,

95 537 291 621 depositura
307 535 395 600 sitim
411 536 519 601 vicini.
532 535 633 600 fontis
650 535 684 598 in
699 535 806 599 unda.

94 664 198 728 qnam
215 643 333 728 procul
351 643 395 707 ad
412 644 513 706 lunae
530 642 644 706 radios
660 641 854 726 Babylonia
870 641 1002 708 Thisbe
1021 674 1024 681 ’

93 748 188 824 vidit,
208 759 241 813 et
256 750 438 813 obscurum
455 748 587 833 trepido
605 748 693 832 pede
710 746 798 833 sugit
814 747 848 812 in
867 760 1014 825 antrum,
1097 763 1146 821 10'0

95 856 244 940 dumque
261 855 359 941 fug-it,
378 866 475 941 tergo
491 855 663 918 velamina
680 853 778 938 lapsa
795 855 940 940 reliquit.
1088 845 1091 850 ¹

94 973 129 1025 ut
146 963 200 1025 lea
217 982 321 1025 saeva
338 960 427 1025 sitim
445 960 551 1024 multa
569 952 783 1044 compescuit·
794 962 905 1036 unda,
976 1006 992 1011 -·
1014 987 1017 993 ·

95 1068 176 1131 dum
193 1068 279 1133 redit
295 1068 330 1131 in
347 1067 464 1141 silvas,
483 1067 638 1131 inventos
655 1066 740 1131 sorte
758 1069 831 1132 sine
849 1070 923 1153 ipsa

93 1195 152 1238 ore
169 1184 344 1238 cruentato
360 1183 480 1237 tenues
497 1173 638 1236 laniavit
655 1174 810 1239 amictus.

139 1279 257 1345 Serius
274 1300 448 1366 egressus
466 1278 613 1365 vestigia
628 1279 713 1344 vidit
728 1280 763 1344 in
781 1281 849 1346 alto
883 1295 888 1303 '
1098 1313 1146 1370 ¹03

94 1387 233 1471 pulvere
250 1396 343 1449 certa
356 1385 462 1459 ferae,
479 1394 615 1471 totoque
633 1387 799 1471 expalluit
814 1407 872 1452 ore
891 1433 893 1437 -
993 1432 997 1436 -
1055 1407 1067 1427 ³

93 1493 273 1579 Pyramus.
320 1491 369 1557 Ut
383 1512 464 1556 vero
481 1504 610 1558 vestem
627 1512 763 1578 quoque
778 1493 948 1580 sanguine
964 1493 1114 1560 tinctam·
1139 1510 1141 1514 ·

4 1685 7 1690 .
93 1599 258 1684 repperit,
275 1596 377 1664 ‘Una
394 1599 498 1663 duos'
515 1599 622 1684 inquit
639 1610 648 1639 ‘
663 1621 732 1664 nox
747 1601 868 1685 perdet
884 1612 1060 1667 amantes:

93 1726 112 1769 e
129 1706 252 1790 quibus
267 1705 326 1768 illa
342 1704 405 1769 suit
420 1705 525 1792 longa
542 1701 743 1792 dignissima
759 1707 842 1783 vita,
910 1717 914 1756 ἵ

93 1822 208 1875 nostra
224 1831 352 1876 nocens
370 1809 484 1874 anima
501 1823 571 1876 est:
596 1834 662 1898 ego
678 1824 724 1888 te,
742 1813 949 1889 miseranda,
968 1814 1113 1900 peremi,

93 1917 129 1980 in
146 1918 342 2003 loca-plena
359 1929 469 1982 metus
485 1919 542 2004 qui
557 1919 642 2006 jussi
661 1931 758 1984 nocte
774 1921 922 1995 venires,

94 2044 158 2087 nec
175 2023 267 2108 prior
284 2025 351 2088 huc
366 2024 458 2088 veni.
507 2024 670 2089 Nostrum
689 2024 837 2090 divellite
855 2040 991 2111 corp'uS,

93 2142 126 2195 et
142 2130 307 2194 scelerata
325 2130 396 2194 fero
414 2131 602 2194 consumite
618 2130 750 2196 viscera
768 2147 894 2207 morsu,

6 2275 12 2285 -
93 2237 125 2302 Ο
142 2237 347 2323 quicumque
365 2238 428 2302 sub
445 2238 512 2300 hac
528 2237 687 2302 habitatis
703 2257 799 2322 rupe,
818 2240 947 2304 leones.

92 2345 152 2408 sed
169 2343 276 2408 timidi
295 2355 345 2408 est
361 2353 479 2427 optare
496 2343 639 2407 necem!
649 2342 879 2408 -Velamina
890 2345 1046 2412 <Thisbes
1095 2378 1144 2434 115

92 2451 188 2526 tollit,
208 2462 241 2515 et
258 2450 300 2513 ad
319 2460 440 2534 pactae
457 2470 574 2514 secum
592 2448 656 2513 fert
673 2450 802 2514 arboris
819 2451 989 2516 umbram.

91 2568 194 2644 utque
212 2557 420 2623 deditnotae
438 2555 610 2630 lacrimas,
630 2556 723 2621 dedit
739 2557 856 2621 oscula
872 2558 969 2633 vesti,
1002 2580 1004 2584 ·

92 2664 243 2750 ‘Accipe
255 2664 362 2728 nun'c’
372 2663 482 2749 inquit
493 2672 501 2701 ‘
513 2661 616 2726 nostri
628 2682 763 2748 quoque
775 2664 953 2749 sanguinis
963 2665 1105 2731 haustus
1119 2665 1144 2730 1’

90 2793 224 2857 quoque
243 2781 315 2835 erat
330 2769 517 2843 accinctuS,
535 2768 671 2833 demisit
686 2769 721 2833 in
737 2769 795 2833 ilia
806 2768 959 2844 .ferrum;
1105 2780 1107 2785 '

90 2899 155 2942 nec
172 2900 280 2954 mora,
299 2877 441 2942 ferventi
460 2876 609 2942 moriens
626 2896 644 2939 e
660 2876 803 2939 vulnere
818 2876 932 2940 traxit.
1086 2898 1144 2948 ‘120

134 2985 181 3050 Ut
193 2985 301 3072 jacuit
317 2984 497 3068 resupinus
516 2984 633 3057 humo,
653 3003 753 3046 cruor
769 2982 894 3046 emicat
910 2984 997 3047 alte:

89 3113 155 3155 non
176 3091 285 3167 aliter,
303 3113 407 3177 quarn
425 3111 502 3154 cum
519 3090 635 3153 vitiato
652 3088 764 3152 fistula
781 3088 921 3172 plumbo

89 3198 266 3273 scinditur,
285 3209 317 3261 et
333 3197 425 3261 tenui
443 3197 604 3261 stridente
622 3195 788 3260 foramine
805 3195 929 3281 longas
997 3243 1001 3250 .

89 3304 278 3391 ejaculatur
295 3324 413 3388 aquas,
434 3315 534 3388 atque
550 3303 672 3367 ictibus
688 3308 769 3368 adra
786 3302 924 3386 rumpit.

91 3410 222 3474 arborei
239 3409 325 3472 fetus
343 3409 525 3495 aspergine
542 3409 658 3474 caedis
674 3409 710 3473 in
727 3421 836 3473 atram
1092 3440 1138 3495 125

89 3527 263 3580 vertuntur
280 3515 415 3590 faciem,
426 3515 695 3600 ¹madefactaque
712 3515 999 3602 sanguine-radix

90 3623 235 3707 puniceo
252 3622 375 3707 tinguit
390 3621 573 3705 pendentia
591 3642 686 3685 mora
703 3623 827 3685 colore.

135 3727 227 3792 Ecce
245 3740 335 3793 metu
352 3728 504 3791 nondum
520 3727 642 3812 posim,
661 3749 704 3790 ne
721 3727 818 3792 fallat
833 3743 1019 3805 amantem,
1108 3748 1111 3753 ’

90 3834 149 3900 illa
166 3835 264 3911 redit,
278 3834 509 3923 juvenemque
525 3833 634 3897 oculis
651 3832 832 3919 animoque
849 3835 1001 3920 requirit,
1075 3882 1078 3887 ,
