2476 4148
93 146 117 198 12.
149 145 223 216 147]
461 123 532 191 Tae
553 125 655 192 Four
676 126 785 214 Ager.

91 324 156 390 sub
169 323 257 409 Jove
274 322 424 394 mundus
440 335 525 399 erat,
544 323 646 389 subiit
661 332 830 409 argentea
847 325 975 410 proles,

92 452 177 495 auro
194 430 352 506 deterior,
371 430 465 494 fulvo
482 430 659 514 pretiosior
676 451 769 494 aere·
1097 460 1144 517 115

85 537 246 624 Juppiter
263 536 391 622 antiqui
408 536 576 600 contraxit
591 547 745 620 tempora
761 536 864 613 veris,

91 664 222 729 perque
239 643 369 706 hiemes
387 653 568 728 aestusque
585 654 618 706 et
635 642 832 728 inaequales
849 655 1031 711 autumnos

91 761 126 814 et
140 750 244 813 breve
260 769 320 813 ver
336 749 454 833 spatiis
470 749 587 835 exegit
602 761 760 834 quattuor
776 771 917 814 annum.

90 868 163 920 tum
182 855 330 940 primum
347 855 448 920 siccis
464 861 528 919 adr
540 855 728 920 fervoribus
745 867 841 922 ustus

91 961 245 1036 canduit,
263 971 298 1027 et
312 962 422 1026 ventis
432 961 570 1048 glacies
587 962 745 1026 adstricta
762 963 935 1046 pependit.
1057 1004 1059 1009 ,
1095 997 1145 1035 120

90 1080 162 1133 tum
180 1051 328 1152 primum
345 1067 480 1132 subiere
496 1068 638 1131 domus:
663 1068 789 1133 domus>
803 1081 898 1134 antra
914 1070 1052 1135 fuerunt

91 1186 126 1239 et
142 1173 239 1238 densi
256 1173 393 1238 frutices
410 1185 443 1238 et
458 1174 593 1246 vinctae
609 1175 734 1239 cortice
750 1176 882 1262 virgaei

91 1281 224 1346 semina
241 1292 312 1344 tum
326 1281 476 1366 primum
491 1280 604 1367 longis
617 1279 775 1346 Cerealia
792 1282 896 1348 sulcis

91 1389 214 1453 obruta
227 1397 323 1462 aunt,-
338 1387 516 1474 pressique
529 1387 615 1475 jugo
632 1409 795 1474 gemuere
808 1388 960 1475 juvenci.

137 1493 255 1558 Tertia
271 1505 347 1579 post
362 1494 440 1560 illas
456 1494 619 1558 successit
635 1500 742 1557 aenea
757 1495 885 1578 proles,
1094 1527 1142 1583 123

91 1600 225 1666 saevior
241 1600 403 1688 ingeni-is,
420 1612 454 1665 et
471 1600 516 1665 ad
532 1599 669 1667 horrida
685 1601 871 1685 promptior
888 1622 996 1678 arma,

91 1729 160 1772 non
176 1707 343 1772 scelerata
359 1719 487 1771 tamen.
499 1705 608 1770 -De
626 1707 711 1771 duro
727 1719 778 1772 est
792 1708 912 1773 ultima
915 1711 1040 1794 ferro.

90 1814 243 1900 protinus
256 1812 382 1899 inrupit
394 1834 504 1877 venae
521 1812 647 1900 pejoris
663 1813 698 1878 in
715 1835 839 1879 aevum

90 1943 192 1986 omne
209 1921 327 1993 nefas=
353 1920 474 2009 fugere
491 1921 601 2005 pudor
616 1934 804 2009 verumque
821 1923 995 2008 fidesque:

89 2027 125 2092 in
141 2050 287 2115 quorum
303 2028 437 2097 subiere
454 2029 568 2094 locum
584 2028 790 2116 fraudesque
806 2031 944 2116 dolique
1093 2063 1142 2116 130

89 2135 302 2223 insidiaeque
319 2148 352 2202 et
368 2137 420 2202 vis
433 2147 469 2202 et
484 2150 582 2201 amor
597 2138 784 2203 sceleratus
801 2138 961 2203 habendi.

89 2245 167 2309 vela
184 2245 311 2309 dabant
326 2244 449 2321 ventis,
461 2265 583 2311 -nec
598 2245 713 2310 adhue
730 2247 817 2310 bene
836 2256 976 2310 noverat
992 2246 1069 2311 illos

89 2351 272 2426 navita‚.-··
283 2372 440 2438 quaeque
457 2350 516 2416 diu
533 2360 694 2416 steterant
708 2351 743 2414 in
755 2352 931 2416 montibus
949 2353 1037 2427 altis,

88 2457 247 2522 fluctibus
264 2457 389 2544 ignotis
406 2457 611 2522 insultavere
627 2457 779 2523 carinae.

90 2573 376 2649 communemque
393 2564 499 2649 prius,
517 2585 582 2628 ceu
599 2564 729 2628 lumina
746 2564 827 2631 solis
841 2575 876 2630 'et
892 2585 1008 2641 auras,
1092 2596 1140 2650 135

89 2681 210 2735 cautus
227 2671 368 2735 humum
386 2671 491 2758 lonfgo
506 2671 778 2758 signavitlimite
797 2683 943 2736 mensor.

89 2796 154 2842 nec
170 2788 299 2842 tantum
317 2787 453 2867 segetes
470 2778 701 2863 alimentaque
719 2779 832 2842 debita
849 2778 947 2843 dives

88 2883 293 2968 poscebatur
310 2884 448 2959 humus,
466 2885 527 2949 sed
542 2885 625 2949 itum
642 2894 693 2948 est
709 2884 743 2947 in
760 2884 892 2949 viscera
909 2896 1040 2958 tetrae3

88 3011 242 3077 quasque
259 2991 497 3056 recondiderat
513 2990 715 3078 Stygiisque
733 2992 933 3056 admoverat
949 2992 1092 3066 umbris,

89 3095 295 3160 effodiuntur
310 3119 406 3181 opes,
424 3097 837 3161 inritamentamalorum.
1092 3129 1141 3179 140

128 3202 277 3289 Jamque
291 3224 426 3273 nocens
438 3203 578 3276 ferrum,
596 3204 753 3289 ferroque
770 3204 947 3268 nocentius
964 3218 1085 3268 aurum

89 3310 280 3394 prodierat;
306 3311 417 3395 prodit
434 3311 583 3384 Bellum,
601 3311 692 3397 quod
708 3320 1013 3397 pugnatumque,

89 3417 350 3504 sanguineaque
367 3438 471 3481 manu
489 3418 688 3502 crepitantia
705 3417 854 3482 concutit
871 3429 979 3481 arma.

88 3522 212 3586 vivitur
227 3545 271 3587 ex
288 3535 405 3608 rapto-e
431 3545 499 3588 non
517 3524 641 3608 hospes
659 3524 701 3588 ab
719 3525 851 3609 hospite
867 3535 970 3598 tuma,

90 3651 157 3693 non
175 3650 273 3694 socer
290 3651 309 3694 a
326 3652 455 3717 genero
464 3653 476 3703 ·;
502 3630 642 3693 fratrum
660 3652 796 3716 quoque
814 3630 924 3716 gratia
941 3649 1016 3693 rara
1034 3638 1097 3692 est.

89 3735 244 3801 imminet
259 3737 363 3802 exitio
379 3737 431 3801 vir
447 3736 617 3824 conjugis,
636 3737 695 3800 illa
712 3736 844 3810 mariti3

89 3841 201 3909 lurida
216 3843 384 3915 terribiles
400 3843 544 3910 miscent
560 3843 694 3911 aconita
711 3863 901 3915 novercae;
927 3905 930 3910 ,
1036 3903 1038 3907 ,
