2476 4148
109 95 154 178 56
378 94 449 159 The
483 93 700 180 Wunderae‘ng
718 98 765 178 of
784 96 900 159 Ceres,
1013 79 1160 186 [Maean.

155 289 320 362 Dixerat3
346 300 380 353 at
396 287 515 353 Cereri
531 299 660 353 certum
678 292 730 352 est
746 289 892 354 educere
909 299 1048 367 natam:

109 418 178 470 non
196 395 240 458 ita
259 396 327 457 fata
344 395 471 469 sinunt,
491 395 653 479 quoniam
667 394 930 480 jejunia‘virgo·

110 503 270 576 solverat,
290 511 322 565 et
339 501 437 564 cultis
456 502 537 563 dum
554 500 703 584 simplex
721 513 811 564 errat
826 500 862 563 in
879 500 1015 577 hortis,
1112 532 1163 588 535

110 610 311 694 poeniceum
329 627 434 670 curva
452 607 670 690 decerpserat
687 607 807 670 arbore
823 626 979 690 pomum,
1014 656 1018 662 .

110 727 312 800 sumptaque
329 712 469 798 pallenti
489 724 619 796 septem
637 713 680 776 de
697 712 822 776 cortice
839 713 949 798 grana

109 833 280 906 presserat
295 842 353 886 ore
371 842 446 885 suo.
495 817 665 903 Solusque
683 840 727 881 ex
743 818 901 882 omnibus
917 816 1002 887 illud
1105 873 1108 878 .

107 927 327 1011 Ascalaphus
343 927 438 1006 vidit,
454 947 555 1012 quem
572 925 746 1010 quondam
763 923 885 988 dicitur
901 923 1058 1008 Orphne,
1126 919 1129 924 ’

109 1032 196 1097 inter
211 1032 403 1097 Avernales
421 1034 512 1097 haud
524 1028 743 1118 'ignotissima
760 1030 945 1114 nymphas
1023 1079 1025 1083 a
1110 1061 1163 1117 540

110 1161 153 1205 ex
170 1138 366 1204 Acheronte
384 1161 451 1203 suo
462 1139 556 1203 silvis
574 1136 749 1222 peperisse
766 1136 829 1201 sub
847 1137 948 1201 atris:

79 1283 86 1294 ν
108 1246 204 1320 vidit,
223 1256 255 1309 et
271 1246 396 1309 indicio
413 1243 723 1311 reditumcrudelis
740 1242 879 1308 ademit.
914 1293 916 1296 .
1022 1262 1024 1268 ·

23 1359 25 1362 ’
108 1351 275 1439 ingemuit
292 1352 411 1439 regina
429 1352 545 1426 Erebi,
564 1363 751 1435 testemque
768 1349 949 1433 profanam

108 1459 187 1522 fecit
204 1479 315 1533 avem,
334 1478 558 1544 sparsumque
575 1469 677 1543 caput
695 1455 982 1542 Phlegethontide
999 1456 1146 1544 lympha

108 1564 144 1627 in
161 1576 303 1648 rostrum
322 1576 353 1628 et
369 1565 505 1649 plumas
522 1575 554 1629 et
570 1563 717 1652 grandia
733 1561 990 1626 lumina'vertit.
1109 1581 1161 1650 343

107 1667 165 1732 ille
183 1668 245 1732 sibi
263 1669 395 1733 ablatus
412 1669 513 1733 fulvis
531 1668 687 1733 amicitur
704 1668 746 1731 ab
764 1667 840 1739 alis,
889 1664 892 1668 ⁴
1060 1666 1063 1670 ’

107 1774 209 1860 inque
228 1785 329 1858 caput
345 1769 478 1850 crescit,
497 1776 688 1862 longosque
706 1772 888 1838 reflectitur
904 1792 1058 1859 ungues,

106 1880 234 1964 vixque
251 1892 363 1945 movet
380 1891 477 1945 natas
495 1902 555 1966 per
572 1882 693 1945 inertia
710 1881 873 1946 bracchia
890 1901 1044 1965 pennas:

106 1986 276 2072 foedaque
292 1987 329 2050 fit
346 1987 506 2063 volucris,
524 1987 657 2077 venturi
676 1988 793 2051 nuntia
809 1987 933 2064 luctus
1126 1986 1153 2036 ·²'

107 2091 254 2179 ignavus
271 2093 374 2170 bubo,
395 2093 505 2157 dirum
523 2095 721 2158 mortalibus
739 2114 852 2159 omen.
1109 2112 1162 2185 55,

153 2199 222 2264 Hic
238 2211 352 2265 tamen
369 2200 493 2264 indicio
511 2222 658 2286 poenam
669 2196 861 2289 linguaque
877 2201 986 2268 videri
1112 2192 1115 2198 i
1151 2211 1156 2218 '

106 2308 350 2372 commeruisse
367 2318 487 2391 potest.
538 2306 660 2382 Vobis,
679 2306 903 2389 Acheloides,
921 2315 1013 2380 unde
1089 2340 1091 2346 ’

106 2413 224 2499 pluma
240 2414 412 2510 pedesque
430 2413 557 2489 avium,
577 2434 655 2478 cum
669 2414 816 2501 virginis
833 2439 893 2482 ora
911 2417 1060 2506 geratis?

108 2540 152 2583 an
168 2520 260 2604 quia,
280 2539 358 2582 curn
375 2520 505 2605 legeret
521 2541 644 2584 vernos
662 2520 867 2607 Proserpina
883 2524 999 2602 flores,
1027 2538 1029 2545 '

18 2617 24 2624 ’
106 2624 142 2690 in
159 2625 320 2689 comitum
337 2647 491 2702 numero,
510 2627 636 2692 doctae
649 2626 946 2705 Sirenesse‘raas?
1107 2639 1160 2720 '555

106 2753 210 2817 quam
227 2741 405 2816 postquam
421 2742 489 2797 toto
505 2732 628 2798 frustra
645 2724 825 2820 quaesistis
842 2739 876 2802 in
893 2736 989 2815 orbe,

107 2838 259 2923 protinus
276 2849 312 2901 ut
327 2849 474 2902 vestram
491 2840 655 2921 sentirent
675 2857 824 2929 aequora
841 2865 973 2919 curam,

107 2965 207 3030 posse
223 2954 325 3028 super
340 2944 462 3009 fluctus
479 2945 612 3011 alarum
627 2939 782 3014 insistere
798 2951 901 3015 remis

106 3050 257 3135 optastis,
276 3052 462 3138 facilesque
479 3055 562 3121 deos
579 3046 754 3132 habuistis,
773 3071 806 3124 et
822 3069 913 3124 artus
933 3086 935 3091 ·

105 3149 236 3223 vidistis
251 3143 516 3224 vestrossubitis
532 3156 720 3229 flavescere
736 3166 868 3250 pennis.
1107 3181 1161 3252 5⁶0

106 3284 150 3327 ne
166 3273 281 3327 tamen
297 3265 354 3330 ille
372 3290 477 3336 canor
494 3273 694 3336 mulcendas
712 3285 811 3336 natus
824 3272 872 3337 ad
889 3282 991 3361 aures
1024 3305 1028 3312 ·

107 3378 267 3456 tantaque
284 3373 345 3437 dos
362 3377 429 3442 oris
446 3379 586 3464 linguae
605 3363 806 3462 deperderet
822 3360 944 3453 usum,
1024 3402 1027 3412 ⁴

106 3477 252 3563 virginei
269 3481 381 3547 vultus
399 3494 431 3548 et
447 3504 514 3547 vox
531 3484 682 3547 humana
699 3484 874 3548 remansit.
910 3468 911 3472 Ἰ

151 3583 199 3648 At
215 3589 346 3653 medius
364 3588 542 3674 fratrisque
559 3590 610 3654 sui
629 3601 847 3677 maestaeque
864 3589 989 3656 sororis

102 3695 259 3781 Juppiter
276 3717 319 3760 ex
336 3717 446 3781 aequo
461 3696 654 3759 volventem
671 3696 791 3760 dividit
808 3717 948 3761 annum.
1108 3715 1157 3785 565

106 3824 198 3867 nunc
215 3803 291 3879 dea,
309 3817 496 3889 regnorum
514 3822 642 3866 numen
656 3814 841 3868 commune
859 3803 1029 3880 duorum,
