2476 4148
81 165 154 220 v11.
171 163 229 235 70·]
339 142 410 209 She
433 144 622 208 dz'scoumes
644 143 727 207 wz‘tlr
750 142 891 227 herself.
1089 144 1133 226 67

26 369 29 374 ·
130 342 199 406 ‘Di
216 341 358 407 meliora
373 340 499 404 velint:
524 361 731 426 quamquam
749 362 817 403 non
834 339 898 403 ista
915 339 1102 423 precanda,

83 449 145 514 sed
161 448 320 513 facienda
338 447 431 510 mihi.
479 445 674 510 Prodamne
691 467 758 532 ego
774 467 882 532 regna
900 447 1064 530 parentis,

84 565 186 640 atque
202 575 267 638 ope
284 553 399 617 nescio
416 551 492 639 quis
509 548 699 616 servabitur
716 553 849 616 advena
868 565 995 629 nostra,

82 671 120 724 ut
135 681 197 745 per
214 680 269 723 me
285 679 403 742 sospes
421 658 493 722 sine
512 679 565 721 me
582 658 639 722 det
655 658 758 721 lintea
776 659 898 734 ventis,
1098 690 1134 742 40

82 766 203 852 virque
219 765 261 830 sit
277 764 428 839 alterius,
447 785 579 848 poenae
596 763 724 828 Medea
741 763 937 850 relinquar?

83 871 111 936 si
128 873 242 936 facere
260 870 338 946 hoc,
357 871 504 934 aliamve
521 881 631 955 potest
647 892 858 955 praeponere
876 871 986 946 nobis,

83 979 217 1043 occidat
232 976 399 1065 ingratus.
449 976 520 1041 Sed
537 999 604 1040 non
622 976 651 1041 is
667 978 779 1040 vultus
796 976 831 1040 in
847 976 919 1053 illo,

83 1094 152 1150 non'
169 1105 211 1149 ea
226 1084 384 1149 nobilitas
401 1083 515 1147 animo
532 1093 597 1156 est,
615 1104 656 1147 ea
673 1083 784 1168 gratia
801 1083 946 1159 formae,

82 1201 120 1255 ut
133 1190 272 1255 timeam
290 1190 445 1255 fraudem
463 1188 640 1275 meritique
656 1189 783 1254 oblivia
800 1191 918 1254 nostri.
1097 1220 1132 1276 45

83 1307 116 1362 et
133 1296 225 1361 dabit
241 1306 320 1360 ante
336 1297 460 1370 fidem3
487 1316 679 1382 cogamque
696 1296 731 1359 in
748 1297 887 1361 foedera
903 1307 1005 1361 testes

83 1424 159 1468 esse
175 1402 270 1467 deos.
321 1399 417 1486 Quin
432 1412 504 1466 tuta
519 1400 639 1466 timesl
666 1402 862 1489 accingere,
881 1413 914 1467 et
930 1424 1067 1467 omnem

82 1509 173 1596 pelle
189 1530 342 1574 moram:
367 1510 427 1573 tibi
444 1530 481 1574 se
498 1530 635 1593 semper
652 1509 788 1574 debebit
804 1509 920 1585 Iason,

81 1627 115 1681 te
131 1615 207 1681 face
223 1615 380 1681 sollemni
393 1615 516 1702 junget
533 1614 610 1690 sibi,
629 1636 757 1700 perque
773 1614 941 1702 Pelasgas

82 1722 249 1789 servatrix
266 1722 368 1786 urbes
385 1731 532 1785 matrum
549 1721 770 1786 celebrabere
785 1722 897 1786 turba.
1101 1750 1135 1807 50

129 1838 138 1868 ‘
152 1828 247 1915 Ergo
260 1849 327 1914 ego
340 1848 543 1914 germanam
554 1828 760 1913 fratremque
772 1832 971 1915 patremque
983 1828 1135 1915 deosque

82 1945 115 2000 et
130 1934 245 1998 natale
261 1934 385 2009 solum,
404 1933 514 1998 ventis
531 1934 659 2009 ablata,
677 1932 892 2020 relinquam?

80 2061 207 2124 nempe
224 2050 320 2124 pater
336 2059 475 2115 saevus,
493 2061 618 2124 nempe
635 2050 686 2105 est
702 2061 778 2104 mea
794 2041 941 2105 barbara
958 2041 1071 2118 tellus,

80 2147 185 2211 frater
201 2146 315 2210 adhuc
331 2144 465 2209 infans:
491 2156 580 2210 stant
597 2167 730 2210 mecum
748 2156 826 2211 vota
843 2147 987 2221 sororis3

80 2252 254 2317 maximus
270 2252 358 2315 intra
375 2272 429 2316 me
446 2251 532 2316 deus
549 2262 610 2316 est.
659 2251 740 2316 Non
758 2273 885 2337 magna
902 2254 1114 2338 relinquam3
1168 2286 1169 2289 ¹

80 2379 210 2446 magna
226 2379 371 2444 sequar:
397 2357 529 2422 titulum
547 2367 702 2422 servatae
719 2357 819 2442 pubis
835 2356 1005 2433 Achivae,

80 2466 302 2551 notitiamque
319 2464 385 2529 loci
404 2463 566 2538 melioris,
585 2473 617 2526 et
633 2464 772 2548 oppida,
791 2485 935 2549 quorum

79 2572 137 2635 hic
151 2592 288 2658 quoque
304 2571 396 2635 sama
411 2571 519 2658 viget,
537 2570 714 2656 cultusque
732 2581 888 2656 artesque
904 2571 1078 2646 locorum3

79 2699 249 2764 quemque
266 2699 332 2765 ego
349 2699 426 2743 cum
445 2678 559 2754 rebus,
578 2697 664 2762 quas
681 2687 769 2740 totus
786 2678 936 2760 possidet
952 2678 1056 2753 orbis,

78 2781 278 2848 Aesoniden
297 2791 446 2848 mutasse
461 2783 578 2858 velim,
596 2803 664 2868 quo
681 2782 829 2869 conjuge
846 2782 930 2847 felix
1092 2799 1129 2852 60

67 2882 112 2956 'et
128 2893 181 2958 dis
198 2913 278 2956 cara
294 2894 397 2966 ferar,
416 2903 449 2956 et
464 2884 591 2957 vertice
608 2892 720 2956 sidera
737 2902 891 2978 tangam.

88 3074 91 3078 Α
125 2997 256 3080 ‘Quid
275 2997 367 3084 quod
382 2999 497 3063 nescio
513 2998 571 3083 qui
589 2998 709 3090 mediis
725 2998 899 3061 incurrere
916 2997 950 3061 in
967 2998 1067 3064 undis

78 3104 237 3169 dicuntur
254 3116 397 3179 montes,
415 3105 611 3190 ratibusque
629 3104 767 3168 inimica
785 3102 982 3189 Charybdis

77 3231 170 3274 nunc
186 3211 323 3275 sorbere
339 3210 475 3285 fretum,
494 3232 586 3275 nunc
603 3211 760 3285 reddere,
779 3209 958 3295 cinctaque
976 3210 1088 3277 saevis

77 3316 198 3402 Scylla
215 3336 324 3400 rapax
339 3317 481 3381 canibus
499 3314 617 3381 Siculo
635 3317 757 3380 latrare
775 3314 967 3400 profundo?
1090 3334 1124 3405 65
1158 3311 1166 3319 ’

76 3443 201 3506 nempe
214 3433 333 3486 tenens
344 3423 435 3508 quod
449 3443 539 3495 amo,
556 3423 754 3509 gremioque
768 3423 802 3486 in
816 3421 948 3487 Iasonis
963 3424 1123 3499 haerens,

76 3550 137 3613 per
154 3529 238 3593 sreta
255 3528 360 3614 longa
377 3528 478 3591 ferar.
527 3527 625 3591 Nihil
642 3528 738 3592 illum
757 3529 917 3613 amplexa
932 3530 1097 3605 verebor3

77 3645 148 3710 aut,
165 3634 193 3698 si
209 3634 292 3720 quid
308 3646 471 3708 metuam,
489 3645 638 3698 metuam
656 3639 699 3698 de
716 3634 862 3722 conjuge
879 3636 964 3701 solo.

76 3739 320 3828 conjugiumne
336 3760 452 3814 vocaS,
471 3740 694 3825 speciosaque
711 3741 849 3805 nomina
866 3743 989 3826 culpae

76 3845 239 3932 imponis,
257 3844 399 3921 Medea,
417 3844 519 3911 tuae?
542 3845 624 3932 quin
642 3846 771 3931 aspice,
790 3857 954 3933 quantum
1093 3880 1126 3932 70
