2476 4148
88 175 130 228 11.
147 173 211 245 40.]
317 212 319 215 .
424 157 556 224 Palace
578 159 627 243 os
639 157 695 223 the
718 155 807 224 Sun.
1100 177 1143 246 19

88 363 324 442 terrarumque
340 354 471 437 orbem,
491 355 707 440 caelumque,
725 355 818 442 quod
835 352 991 419 imminet
1006 352 1092 420 orbi.

90 461 274 526 caeruleos·
284 461 388 526 habet
402 462 496 526 unda
512 461 609 538 deon
626 461 771 526 Tritona
788 481 966 538 canorum,

88 566 281 654 Proteaque
299 565 514 655 ambiguum,
532 568 826 653 balaenarumque
843 577 1054 651 prementem

88 671 281 761 Aeganna
298 673 369 739 suis
385 673 550 754 immania
564 685 663 761 terga
680 673 827 750 lacertiS,
1109 706 1142 746 10
1196 757 1198 759 ι

91 779 290 866 Doridaque
307 790 340 846 et
355 792 475 856 natas;
499 801 645 868 quarum
662 801 742 864 pars
759 800 842 845 nare
858 779 1004 857 videtur,

89 908 171 973 pars
187 885 222 950 in
239 887 329 951 mole
345 886 470 951 sedens
485 885 612 951 virides
629 884 760 951 siccare
777 885 933 972 capillos,

89 992 185 1078 pisce
201 991 280 1056 vehi
297 993 488 1079 quaedam:
514 990 621 1057 facies
638 1013 708 1056 non
724 992 883 1058 omnibus
898 1013 982 1070 una,

83 1119 156 1171 ¹nec
173 1097 308 1163 diversa
323 1109 451 1174 tamen,
470 1098 607 1184 qualem
624 1098 723 1162 decet
739 1119 813 1164 esse
831 1120 997 1165 sororum.

89 1216 180 1271 terra
196 1204 288 1271 viros
304 1205 474 1291 urbesque
490 1203 592 1292 gerit,
611 1204 782 1292 silvasque
798 1206 969 1294 ferasque,
1109 1241 1121 1280 1
1126 1234 1141 1294 ς

90 1310 301 1397 fluminaque
318 1321 352 1376 et
366 1311 539 1397 nymphas
556 1320 589 1374 et
605 1321 718 1375 cetera
734 1312 875 1378 numina
891 1314 993 1378 ruris.

91 1419 180 1484 haec
195 1421 298 1503 su'per
314 1416 473 1503 imposita
490 1426 541 1481 est
556 1417 644 1482 caeli
662 1418 824 1505 fulgentis
840 1419 970 1506 imago,

91 1525 260 1613 signaque
277 1545 339 1589 sex
355 1523 484 1589 foribus
501 1522 641 1600 dextris,
660 1525 867 1611 totidemque
883 1523 1038 1590 sinistris.

138 1615 219 1717 Qio
236 1630 338 1696 simul
355 1629 485 1696 acclivo
503 1628 708 1717 Clymeneia
724 1631 832 1697 limite
847 1631 962 1718 proles

71 1737 197 1815 yenit,
216 1747 249 1802 et
264 1736 400 1801 intravit
415 1736 557 1801 dubitati
573 1747 662 1804 tecta
678 1737 842 1830 parentis,
969 1817 971 1820 Α

91 1844 246 1930 protinus
263 1844 306 1908 ad
323 1842 450 1929 patrios
467 1864 529 1908 sua
545 1844 610 1910 sert
624 1844 772 1933 vestigia
788 1846 916 1922 vultus,

91 1949 311 2037 consistitque
328 1949 469 2034 procul:
493 1951 714 2038 nequeenim
730 1950 890 2037 propiora
906 1949 1038 2016 serebat

91 2056 236 2123 lumina.
284 2054 463 2141 Purpurea
478 2057 611 2123 velatus
623 2069 722 2123 ¹veste
738 2059 881 2124 sedebat

90 2163 127 2229 in
143 2162 230 2229 solio
245 2161 407 2228 Phoebus
425 2163 525 2230 claris
542 2164 676 2230 lucente
694 2165 900 2252 smaragdis.

91 2291 113 2336 a
129 2270 250 2336 dextra
266 2270 434 2357 laevaque
450 2270 536 2336 Dies
552 2281 585 2336 et
600 2270 733 2336 Mensis
750 2282 783 2336 et
797 2269 923 2336 Annus
1110 2298 1143 2357 25

92 2377 311 2465 Saeculaque
328 2387 362 2442 et
376 2376 506 2462 positae
523 2376 640 2462 spatiis
657 2376 858 2462 aequalibus
876 2375 1007 2452 Horae,

90 2485 232 2572 Verque
248 2504 376 2550 novum
392 2482 503 2549 stabat
519 2483 667 2549 cinctum
683 2482 825 2548 florente
841 2502 989 2557 corona3

92 2595 204 2661 stabat
219 2593 311 2660 nuda
327 2589 454 2657 Aestas
471 2601 504 2656 et
519 2589 636 2676 spicea
653 2600 742 2655 serta
758 2589 921 2676 gerebat3

92 2701 203 2766 stabat
218 2709 252 2767 et
266 2699 497 2773 Auctumnus‚
516 2695 657 2762 calcatis
673 2695 830 2761 sordidus
846 2694 943 2770 uvis3

92 2818 126 2873 et
141 2807 299 2895 glacialis
319 2805 478 2890 Hiemps,
498 2824 604 2868 canos
621 2802 750 2867 hirsuta
768 2800 925 2885 capillos.
1111 2833 1145 2887 30

138 2913 223 2979 lnde
239 2915 315 2980 loco
332 2913 480 2990 medius,
498 2930 614 2976 rerum
630 2908 778 2974 novitate
795 2916 977 2992 paventem

92 3018 154 3086 Sol
171 3020 279 3086 oculis
292 3020 469 3109 juvenem,
488 3017 612 3106 quibus
629 3013 750 3100 aspicit
765 3012 894 3090 omnia,
911 3012 1016 3079 vidit:

94 3137 103 3167 ‘
118 3126 221 3213 Qae
231 3126 240 3154 ’
250 3147 317 3214 que
330 3136 338 3167 ‘
351 3125 429 3190 viae
439 3124 498 3190 tibi
512 3121 639 3189 causa?
652 3121 733 3209 quid
744 3120 829 3184 hac'
842 3119 889 3184 ait
903 3129 911 3160 ‘
926 3139 1005 3184 arce
1017 3117 1143 3205 petisti,

92 3233 290 3321 progenies,
307 3231 501 3306 Phaethon,
520 3230 614 3294 haud
630 3227 808 3292 infitianda
824 3224 998 3312 parentii'

92 3340 151 3406 ille
167 3339 290 3405 referta
313 3349 322 3380 ‘
338 3338 370 3403 Ο
386 3339 446 3404 lux
462 3335 608 3402 inmensi
626 3333 763 3420 publica
781 3332 912 3408 mundi,
1111 3360 1144 3417 35

92 3445 234 3513 Phoebe
250 3455 360 3532 pater,
378 3444 407 3510 si
423 3445 486 3509 das
503 3443 603 3531 hujus
621 3441 704 3505 mihi
721 3439 869 3506 nominis
885 3460 999 3515 usum,

93 3572 159 3616 nec
174 3551 261 3615 salsa
279 3548 448 3636 Clymene
465 3549 603 3632 culpam
621 3545 684 3610 sub
701 3543 853 3630 imagine
871 3543 979 3608 celat:

93 3657 241 3745 pignora
258 3655 315 3730 da,
334 3653 483 3742 genitor,
499 3675 560 3738 per
575 3672 664 3738 quae
681 3660 738 3714 tua
754 3670 837 3713 vera
854 3668 1010 3735 propago

93 3764 229 3839 credar,
248 3772 281 3827 et
297 3761 388 3825 hune
405 3758 528 3823 animis
544 3778 693 3822 errorem
711 3755 851 3821 detrahe
868 3753 1015 3819 nostris!

140 3868 295 3936 Dixerat
341 3865 390 3932 At
408 3865 542 3954 genitor
558 3862 686 3929 circum
703 3872 806 3947 caput
822 3880 923 3926 omne
942 3858 1107 3926 micantes
