2476 4148
90 155 143 211 IV.
164 154 241 227 792]
522 136 593 202 Tte
615 136 731 202 Fasti.

88 332 169 402 Nee
183 342 303 399 noceat
318 334 474 400 turbasse
489 333 605 399 lacus:
629 333 808 420 egrescita
825 331 1009 421 nymphae,

134 441 235 505 Mota
253 441 347 526 quod
359 441 520 504 obscuras
535 441 669 526 ungula
676 441 768 522 fecit
783 461 905 526 aquas.

96 546 162 623 Tu,
179 547 258 622 dea,
269 552 341 632 pro
357 547 812 631 uobissoutesfoutauaq-ue
821 547 930 633 placa

134 651 314 730 Numiua;
340 660 377 715 tu
393 658 533 737 sparsos
543 658 615 738 per
630 674 748 715 uemus
764 673 862 715 omae
875 653 968 715 deos.
1088 668 1145 734 :760

88 758 168 826 Nee
183 759 348 845 dryadas,
367 779 428 822 uec
444 779 505 820 uos
521 759 700 822 videamus
713 758 819 821 >labra
835 757 991 833 Dianae,

76 896 79 901 ·
134 864 213 932 Nee
228 864 404 940 Fauuum,
423 864 533 927 medio
550 885 625 927 cum
638 864 773 950 premit
788 885 877 927 arua
893 865 961 927 die.

89 972 187 1036 Pelle
203 972 336 1058 procul
347 972 501 1036 morbos:
527 970 670 1032 valeam
687 969 906 1055 hominesque
917 979 1126 1056 gregesque,
1169 1002 1171 1006 ⁴

134 1077 186 1143 Et
200 1078 341 1142 ualeant
355 1078 491 1164 urgr'les,
504 1075 661 1162 proveeta
678 1076 796 1150 turba,
814 1096 928 1139 cauas.

89 1183 314 1251 Noveramus
329 1185 452 1248 multos
468 1183 625 1268 redigam
643 1202 746 1266 quam
763 1203 864 1244 moue
867 1184 1037 1265 suerunt,
1093 1188 1142 1266 76¹3

134 1289 236 1356 Neve
246 1312 383 1377 gemam
400 1292 555 1375 refiereus
571 1288 703 1352 vellera
721 1293 828 1373 rapta
844 1288 940 1375 lupo.

90 1395 192 1462 Absit
207 1399 327 1482 miqua
334 1403 472 1484 sames:
496 1392 848 1478 berbaefroudesque
863 1394 1051 1479 superse-itt,
1071 1433 1074 1440 ι

135 1502 305 1589 ⁹Quaeque
320 1504 437 1567 lavent
453 1511 563 1582 artus,
580 1520 736 1586 quaeque
753 1499 929 1574 bibantur,
948 1519 1073 1583 aquae.

96 1607 214 1676 Ubera
224 1610 333 1695 piena
344 1615 504 1696 premam
513 1630 526 1672 .·
551 1609 686 1689 referat
698 1604 791 1669 mibi
804 1626 920 1668 caseus
936 1626 1036 1678 aera,

135 1715 298 1800 Demque
312 1716 406 1778 viam
421 1715 554 1800 te'quido
570 1715 701 1778 uriuiua
719 1733 807 1777 rara
823 1732 913 1775 seros
1089 1727 1145 1792 770

89 1820 262 1907 Lauaque
276 1822 468 1909 proueniat
483 1821 597 1886 nullas
613 1821 754 1884 laesura
764 1818 918 1905 puellm,

133 1927 254 1992 Mollis
272 1935 304 1992 et
313 1927 369 1991 'aet
381 1935 517 1992 teueras
534 1928 720 2014 quamlibet
736 1932 822 2013 apta
838 1941 973 1988 ruauus.

89 2032 193 2117 ,Quae
201 2040 346 2121 precor,
365 2035 544 2112 everunt·
569 2042 602 2097 et
617 2033 864 2116 uosfaeiamus
880 2032 930 2094 ad
943 2053 1073 2096 aunum
1093 2061 1143 2120 773

134 2140 320 2204 Pastorum
337 2140 495 2203 domiuae
506 2140 663 2226 grandia
680 2139 751 2203 liba
767 2137 862 2203 Pali.

91 2245 156 2310 His
173 2246 237 2310 dea
254 2246 424 2331 placanda
441 2257 512 2321 θεῖς
537 2246 624 2310 haec
638 2256 675 2310 tu
690 2256 877 2310 conversus
891 2244 939 2310 vad
956 2255 1049 2310 ortus

135 2352 201 2417 Dic
216 2365 347 2438 quater,
366 2363 399 2417 et
413 2353 491 2417 vivo
508 2353 625 2438 perlue
643 2373 718 2416 rore
735 2372 882 2420 manus„

88 2458 180 2522 Tum
197 2458 275 2523 licet
290 2458 459 2544 adposita,
478 2458 581 2523 veluti
599 2469 742 2534 cratere,
760 2458 922 2536 camella,

134 2564 208 2629 Lac
224 2566 361 2635 niveum
379 2575 474 2650 potes
490 2581 766 2652 purpureamque
783 2586 925 2652 sapam3
1092 2584 1144 2652 780

89 2670 242 2756 Moxque
259 2693 320 2756 per
337 2672 493 2736 ardentes
510 2672 654 2757 stipulae
671 2673 877 2759 crepitantes
894 2695 1037 2742 acervos

134 2777 290 2841 Traicias
307 2778 410 2843 celeri
427 2788 564 2844 strenua
581 2781 735 2844 membra
752 2781 854 2866 pede.

88 2882 272 2968 Expositus
289 2906 362 2949 mos
379 2896 449 2950 est:
474 2885 577 2951 moris
595 2886 678 2950 mihi
696 2897 800 2954 restat
814 2890 926 2978 origo.

133 2989 251 3054 Turba
268 2990 348 3054 facit
364 2991 518 3066 dubium,
537 3006 727 3081 coeptaque
745 3009 859 3062 nostra
876 3008 979 3064 tenet.

88 3095 213 3160 Omnia
231 3108 355 3182 purgat
372 3098 460 3188 edax
478 3098 582 3184 ignis,
601 3101 788 3189 vitiumque
807 3104 953 3170 metallis
1091 3123 1140 3193 785

132 3201 321 3288 Excoquit:
347 3203 474 3269 idcirco
491 3228 570 3270 curn
590 3209 677 3274 duce
695 3222 819 3297 purgat
835 3208 931 3276 ovis?

87 3305 158 3382 An,
177 3308 256 3394 quia
274 3322 472 3376 cunctarum
492 3316 661 3381 contraria
679 3317 811 3380 semina
828 3337 940 3382 rerum

133 3413 219 3478 Sunt
236 3415 303 3479 duo
319 3417 508 3496 discordes,
529 3422 620 3510 ignis
637 3434 670 3488 et
685 3424 792 3498 unda,
810 3422 879 3498 dei,

82 3518 276 3604 Junxerunt
292 3523 462 3592 elementa
479 3539 604 3613 patres,
623 3539 807 3615 aptumque
824 3540 985 3614 putarunt

132 3627 275 3713 Ignibus
291 3643 325 3697 et
341 3655 461 3718 sparsa
477 3645 619 3722 tangere
636 3656 759 3719 corpus
774 3635 888 3722 aqua?
1086 3665 1139 3724 790

85 3730 155 3807 An,
175 3737 267 3820 quod
283 3737 318 3802 in
335 3740 388 3804 his
406 3740 494 3804 vitae
511 3761 616 3804 causa
633 3751 694 3819 est,
711 3742 797 3806 haec
814 3743 960 3827 perdidit
975 3743 1087 3819 exsul,

131 3842 197 3909 His
214 3868 304 3912 nova
321 3847 357 3910 fit
373 3848 537 3936 conjunx,
557 3849 643 3912 haec
660 3849 728 3914 duo
745 3870 875 3937 magna
891 3849 1032 3936 putant?
