2476 4148
106 165 150 214 20
272 167 312 213 11.
352 147 424 214 Tae
445 147 652 216 Adventare
675 150 723 233 of
734 146 928 214 Phaethon.
1010 167 1155 239 [Murra

104 344 262 429 deposuit
277 344 406 421 radios,
424 343 632 430 propiusque
650 345 814 410 accedere
826 344 940 432 jussit,

105 452 334 536 amplexuque
352 451 445 525 dato,
465 449 565 515 ‘Nec
581 463 616 515 tu
634 471 729 516 meus
747 471 823 517 esse
839 451 961 538 negari

103 558 229 645 dignus
246 579 296 632 es,
315 568 348 621 et
363 555 533 642 Clymene
546 557 666 622 veros’
682 556 728 623 ait
745 556 874 635 ‘edidit
889 570 993 624 ortus.

102 685 237 750 quoque
254 663 368 728 minus
385 662 531 738 dubites,
549 662 693 748 quodvis
710 675 787 747 pete
804 685 942 741 munuS,
960 676 1001 731 ut
1012 666 1099 754 illud

102 791 158 834 me
174 770 340 836 tribuente
357 769 468 834 seras:
495 768 653 853 promissi
668 769 761 834 testis
778 769 895 836 adesto
1120 806 1154 863 45

102 877 155 942 dis
167 877 316 964 juranda
331 876 443 960 palus,
463 874 572 958 oculis
588 874 763 961 incognita
780 874 928 942 nostris.’·

147 982 219 1047 Vix
234 983 322 1055 bene
339 981 498 1057 desierat,
517 1002 636 1046 currus
653 991 753 1067 rogat
768 981 826 1046 ille
843 993 1016 1068 paternos,

101 1089 204 1176 inque
222 1090 313 1154 diem
329 1088 502 1174 alipedum
516 1086 573 1173 jus
590 1098 622 1151 et
638 1087 860 1153 moderamen
876 1111 1057 1174 equorum.

101 1195 267 1282 paenituit
278 1195 413 1283 jurasse
429 1205 582 1279 patrem:
608 1193 665 1278 qui
682 1205 799 1281 terque
815 1205 1003 1282 quaterque

17 1369 21 1376 ,
102 1302 299 1367 concutiens
315 1301 445 1368 illustre
463 1310 577 1384 caput,
599 1298 840 1365 ‘Temeraria’
857 1301 943 1366 dixit
1119 1335 1154 1392 50

102 1419 193 1472 ‘vox
210 1427 287 1472 mea
304 1408 393 1485 facta
409 1417 467 1474 tua
484 1417 554 1480 est;
579 1405 710 1472 utinam
727 1406 895 1488 premissa
912 1407 1030 1483 liceret

100 1537 170 1580 non
187 1513 289 1580 darei
316 1514 489 1594 confiteor,
509 1512 619 1581 solum
637 1513 703 1579 hoc
720 1511 792 1587 tibi,
810 1524 902 1589 nate,
921 1535 1114 1602 negarem:
1154 1559 1155 1562 κ

100 1620 300 1687 dissuadere
317 1620 407 1699 licet.
456 1618 537 1687 Non
554 1628 605 1686 est
620 1629 678 1685 tua
695 1629 766 1685 tuta
782 1619 961 1686 voluntas:

99 1744 229 1814 magna
245 1726 343 1811 petie,
363 1724 553 1805 Phaethon,
570 1735 603 1793 et
619 1744 708 1810 quae
726 1744 791 1789 nec
806 1725 934 1792 viribus
950 1725 1024 1794 istis

100 1853 242 1897 munera
259 1832 477 1908 conveniant,
496 1852 561 1910 nec
576 1841 646 1900 tam
663 1830 851 1914 puerilibus
868 1832 979 1899 annis.
1119 1865 1152 1924 55

99 1960 173 2004 sors
189 1950 245 2005 tua
262 1938 434 2012 mortalis3
459 1960 527 2004 non
544 1948 595 2006 est
611 1936 765 2011 mortale,
785 1938 877 2023 quod
893 1949 1003 2025 optas.

98 2045 176 2130 plus
192 2044 308 2118 etiam,
327 2065 429 2130 quarn
445 2044 538 2129 quod
555 2042 686 2128 superis
704 2042 903 2129 contingere
919 2044 971 2111 fas
988 2055 1052 2123 est,

98 2150 235 2216 nescius
252 2149 403 2217 affectas.
452 2149 594 2221 Placeat
609 2148 673 2220 sibi
690 2148 834 2234 quisque
851 2149 985 2218 licebit:

98 2278 167 2335 non
184 2267 299 2320 tamen
315 2254 461 2342 ignifero
478 2255 659 2340 quisquam
677 2252 862 2327 ,consistere
878 2254 914 2325 in
931 2275 997 2325 axe
1033 2322 1037 2326 ,

98 2384 153 2428 me
169 2364 261 2441 valet
276 2372 433 2446 excepto.
481 2361 579 2431 Vasti
597 2381 732 2446 quoque
749 2370 859 2434 rector
875 2360 1032 2448 Olympi,
1113 2382 1150 2436 60

98 2469 155 2554 qui
172 2469 243 2533 fera
258 2468 400 2538 terribili
412 2468 583 2555 jaculatur
600 2466 743 2540 fulmina
761 2467 894 2544 dextra,

97 2596 166 2639 non
183 2586 265 2661 agat
281 2575 343 2638 hos
359 2595 501 2642 carrus:
525 2583 560 2644 et
573 2573 657 2658 quid
669 2573 755 2658 Jove
775 2574 885 2661 majus
903 2575 1095 2655 habemus?

143 2679 285 2744 ‘Ardua
301 2679 412 2764 prima
428 2678 484 2749 ria
500 2689 562 2754 est,
581 2689 697 2764 etqua
714 2679 773 2755 via
790 2701 891 2754 ruane
907 2692 1062 2758 recentes

96 2787 267 2864 enituntur
283 2785 383 2871 equis
408 2785 521 2863 medio
538 2795 589 2857 est
604 2785 771 2867 altissima
787 2790 898 2867 caelo,
1117 2858 1121 2864 ,

94 2892 186 2956 unde
204 2911 297 2955 mare
311 2901 347 2963 ,et
361 2901 469 2968 terras
485 2890 550 2976 ipsi
567 2890 652 2964 mihi
667 2914 773 2978 ,saepe
787 2896 907 2967 videre
1112 2915 1146 2986 ⁶5

95 2999 131 3062 fit
146 2998 257 3074 timor,
275 3007 309 3067 et
321 2997 448 3086 pavida
465 2997 611 3082 trepidat
628 2999 808 3071 formidine
824 3013 966 3086 pectus:

94 3104 213 3175 ultima
228 3124 336 3189 prona
352 3103 408 3175 via
425 3112 486 3178 est,
506 3114 539 3167 et
554 3115 634 3191 eget
649 3107 884 3181 moderamine
900 3119 1013 3195 certor

93 3220 174 3275 tunc
190 3210 292 3281 etiam
309 3231 396 3297 quae
409 3231 467 3290 me
483 3211 644 3299 subjectis
661 3212 787 3297 excipit
803 3213 916 3291 undis,

93 3338 137 3382 ne
154 3317 244 3381 ferar
258 3317 294 3380 in
310 3331 489 3403 praeceps,
509 3319 643 3405 Tethys
657 3320 744 3390 ,solet
760 3322 835 3405 ipsa
848 3319 972 3393 vereri.

94 3424 182 3488 adde
198 3424 289 3509 quod
307 3424 444 3495 assidua
462 3425 591 3510 rapitur
603 3424 773 3512 ¹vertigine
790 3426 939 3502 caelum,
1110 3457 1146 3512 70

93 3531 273 3616 sideraque
289 3532 358 3595 alta
375 3531 488 3606 trahit,
508 3530 679 3617 celerique
690 3517 868 3598 'volumine
885 3542 1030 3619 torquet.

92 3637 180 3701 nitor
195 3636 444 3711 inadversum,
463 3658 527 3705 nec
545 3659 600 3729 me
613 3637 673 3723 ,qui
690 3650 817 3720 cetera,
835 3638 940 3708 vincit

91 3744 251 3831 impetus,
270 3755 305 3810 et
319 3745 439 3829 rapido
456 3743 646 3811 contrarius
664 3745 791 3811 evehor
805 3744 892 3814 orbi.

136 3852 273 3940 ‘Finge
289 3853 386 3918 datos
401 3871 542 3916 currus:
567 3849 649 3936 quid
666 3849 771 3938 ages?
794 3851 965 3938 poterisne
981 3856 1098 3926 rotatis
