2476 4148
79 155 121 210 11.
142 153 168 223 6,
184 148 238 227 ra]
412 135 528 224 Elegp
551 156 594 200 on
618 156 641 200 a
663 133 808 201 Parrot.

78 333 221 420 Tityrus
237 344 271 399 et
285 334 404 420 fruges
419 331 622 418 Aeneiaque
640 350 735 396 arma
751 332 922 417 legentur,

50 420 55 430 ’
125 439 239 503 Roma
255 439 452 523 triumphati
470 439 551 502 dum
568 448 670 522 caput
685 437 776 502 orbis
794 436 867 501 erit.

80 544 202 610 Donec
218 555 316 609 erunt
331 545 430 631 ignes
447 565 613 630 arcusque
631 543 812 627 Cupidinis
829 562 938 619 arma,

126 650 310 715 Discentur
325 651 471 726 numeri,
490 651 579 714 culte
595 650 746 724 Tibulle,
765 648 823 712 tui.

81 756 203 822 Gallus
220 767 253 820 et
270 752 448 842 Hesperiis
464 767 498 820 et
514 756 637 820 Gallus
653 766 752 819 notus
769 754 864 832 Eois,

125 861 169 927 Et
186 883 247 927 sua
264 884 342 927 cum
360 863 462 927 Gallo
479 872 559 927 nota
575 861 721 948 Lycoris
739 861 811 926 erit.

81 968 176 1055 Ergo
193 989 271 1032 cum
288 968 414 1044 silices,
434 989 513 1033 cum
530 967 615 1032 dens
632 968 789 1052 patientis
807 966 910 1032 aratri

127 1075 324 1159 Depereant
341 1096 438 1150 aevo,
458 1075 610 1139 carmina
628 1085 733 1139 morte
750 1084 879 1139 carent.

82 1179 218 1247 Cedant
234 1180 441 1246 carminibus
458 1200 559 1268 reges
576 1201 766 1266 regumque
782 1177 959 1266 triumphi,

127 1285 238 1353 Cedat
254 1299 286 1352 et
302 1287 439 1351 auriferi
456 1287 531 1372 ripa
546 1287 697 1373 benigna
715 1286 819 1373 Tagi.

81 1392 174 1458 Vilia
192 1393 331 1459 miretur
347 1394 494 1481 vulgus:
519 1392 603 1456 mihi
618 1393 728 1457 flavus
743 1392 872 1478 Apollo
1097 1418 1130 1479 35

127 1498 257 1565 Pocula
274 1500 426 1566 Castalia
443 1500 545 1584 plena
562 1498 728 1563 ministret
744 1519 846 1584 aqua,
1020 1567 1022 1572 ,

32 1666 35 1671 .
83 1605 347 1693 Sustineamque
364 1626 462 1670 coma
481 1615 687 1669 metuentem
704 1604 832 1691 frigora
848 1615 1018 1692 myrtum:

127 1711 242 1799 Atque
258 1713 304 1776 ita
321 1712 465 1777 sollicito
481 1713 606 1776 multus
624 1721 759 1775 amante
776 1712 886 1797 legar.

83 1819 239 1885 Pascitur
255 1820 290 1883 in
306 1818 393 1884 vivis
409 1817 536 1892 Livor3
560 1828 635 1904 post
651 1818 720 1882 fata
737 1817 891 1904 quiescit,

128 1926 218 1992 Cum
235 1949 316 1991 suus
333 1948 377 1990 ex
395 1926 514 1991 merito
530 1947 700 2012 quemque
717 1935 828 1989 tuetur
844 1926 965 1989 honos.

83 2032 178 2121 Ergo
195 2033 296 2096 etiam
313 2054 392 2097 cum
409 2054 463 2097 me
481 2052 661 2117 supremus
678 2031 829 2096 adederit
845 2031 949 2120 ignis,

128 2139 268 2215 Vivam,
286 2160 434 2226 parsque
450 2139 517 2203 mei
535 2140 641 2202 multa
657 2147 828 2223 superstes
845 2138 920 2204 erit.

309 2478 341 2526 2.
367 2461 483 2550 Elegy
506 2482 549 2527 on
573 2484 596 2528 a
618 2461 753 2528 Parrot
779 2460 831 2549 (ii.
849 2456 907 2547 6).

86 2673 410 2817 PSITTACUS‚
430 2678 500 2744 eois
517 2678 679 2744 imitatrix
696 2679 767 2742 ales
786 2678 828 2741 ab
844 2675 952 2752 Indis,

201 2783 356 2848 Occidit!
382 2786 564 2871 exsequias
582 2787 626 2850 ite
644 2787 849 2871 frequenter,
870 2804 962 2848 aves.

87 2886 149 2962 Ite,
169 2889 245 2972 piae
261 2891 431 2962 volucres,
450 2902 483 2954 et
499 2892 652 2977 plangite
670 2904 807 2975 pectora
825 2890 966 2974 pinniS,

132 2993 176 3055 Et
192 2993 303 3077 rigido
319 3005 453 3057 teneras
470 3017 586 3080 ungue
603 3008 716 3059 notate
733 3017 853 3082 genas.

89 3096 238 3158 Horrida
257 3119 317 3180 pro
334 3099 471 3163 maestis
488 3099 634 3163 lanietur
650 3101 767 3183 pluma
784 3099 930 3184 capilliS,
1123 3128 1136 3183 ς

134 3201 200 3265 Pro
218 3203 321 3288 longa
339 3211 497 3268 resonent
513 3205 666 3270 carmina
682 3216 795 3270 vestra
811 3206 909 3269 tuba.

90 3305 194 3394 Quod
211 3310 322 3373 scelus
334 3308 474 3373 ³Ismarii
490 3311 653 3396 quereris,
672 3311 877 3387 Philomela,
895 3300 1045 3399 tyranni,

116 3414 280 3498 Expleta
296 3425 348 3479 est
363 3415 462 3480 annis
478 3417 542 3481 ista
557 3419 710 3502 querella
727 3418 808 3483 suis.

88 3517 189 3583 Alitis
206 3520 240 3583 in
257 3541 355 3585 rarae
373 3522 535 3586 miserum
552 3524 727 3589 devertere
744 3525 868 3589 funus:

134 3625 268 3712 Magna
286 3627 347 3694 sed
365 3628 492 3713 antiqui
510 3645 616 3693 causa·
633 3630 758 3695 doloris
776 3631 861 3718 Itys.

90 3731 235 3806 OmneS,
253 3753 342 3819 quae
359 3733 487 3819 liquido
504 3735 634 3800 libratis
649 3735 685 3799 in
703 3741 781 3801 altre
798 3757 931 3819 cursus,

134 3837 190 3900 Tu
207 3849 321 3903 tamen
338 3850 416 3906 ante
433 3841 530 3918 alios,
549 3851 656 3909 turtur
672 3842 795 3918 amice,
814 3842 905 3921 dole.¹
