2460 4140
63 133 114 186 IV.
132 146 171 196 ro,
186 129 241 200 86.]
337 108 408 174 The
430 108 543 177 Poec's
564 74 910 204 Autobrbgraphy
1052 103 1113 173 181

62 312 253 378 Successor
271 306 334 372 suit
351 306 408 370 hic
424 305 495 380 tibi,
516 305 638 380 Galle3
663 303 860 389 Propertius
876 302 946 377 illi3

109 419 261 504 Quartus
280 415 323 477 ab
342 414 394 481 his
411 414 498 478 serie
515 411 676 495 temporis
692 411 767 494 ipse
784 410 844 475 sui.

62 527 176 613 thue
194 546 260 613 ego
278 521 439 608 majores,
459 519 508 584 sic
526 541 580 583 me
597 520 734 585 coluere
751 518 912 591 minores,
1083 545 1114 601 55

109 631 269 716 Notaque
287 649 356 693 non
373 623 469 688 tarde
488 622 578 687 sacta
594 621 721 687 Thalia
738 642 815 686 mea
833 632 895 687 est.

63 737 228 805 Carmina
245 758 322 802 curn
340 735 489 820 primum
506 731 633 815 populo
647 729 813 815 juvenilia
830 727 914 816 legi,

110 844 225 908 Barba
241 854 372 907 resecta
389 840 472 905 mihi
488 838 585 905 bisve
601 836 752 901 semelve
769 837 843 900 luit.

48 949 222 1014 'Moverat
238 948 415 1036 ingenium
433 958 539 1014 totam
557 957 692 1012 cantata
708 967 771 1030 per
787 945 920 1012 Urbem

109 1056 259 1121 Nomine
277 1078 344 1121 non
361 1077 442 1123 vero
460 1053 551 1118 dicta
569 1052 722 1118 Corinna
740 1051 836 1117 mihi.
1081 1071 1116 1125 60

63 1163 176 1231 Multa
193 1163 331 1249 quidem
348 1160 490 1247 scripsi3
517 1160 580 1229 sed
594 1181 684 1247 quae
699 1159 821 1230 vitiosa
837 1159 969 1246 putavi,

107 1269 347 1335 Emendaturis
364 1269 503 1355 ignibus
513 1267 593 1352 ipse
608 1266 705 1332 dedi.
930 1266 1112 1354 [cremavi‚

61 1375 164 1440 Tunc
202 1397 351 1461 quoque,
396 1395 474 1440 curn
514 1374 686 1461 sugerem,
724 1373 909 1460 quaedam.
945 1375 1114 1459 placitura

107 1481 216 1545 Iratus
234 1482 344 1546 studio
362 1480 639 1566 carminibusque
657 1479 756 1546 meis.

62 1588 171 1654 Molle
188 1588 390 1672 Cupidineis
408 1609 473 1651 nec
488 1587 760 1674 inexpugnabile
777 1587 869 1653 telis·
914 1578 917 1583 ¹
1019 1575 1023 1580 ⁵
1079 1604 1112 1674 65

107 1695 177 1760 Cor
193 1695 288 1769 mihi,
308 1693 466 1780 quodque
483 1694 568 1773 levis
585 1714 690 1761 causa
708 1705 871 1771 moveret,
891 1703 975 1761 erat.

62 1802 152 1868 Cum
170 1813 284 1866 tamen
302 1801 358 1866 hic
374 1822 499 1875 essem,
518 1800 727 1887 minimoque
746 1802 955 1869 accenderer
971 1801 1067 1890 igne,
1104 1868 1106 1875 A

106 1907 255 1971 Nomine
274 1908 337 1972 sub
353 1919 468 1972 nostro
485 1907 602 1988 sabula
619 1909 713 1973 nulla
731 1908 805 1977 suit.

62 2014 179 2078 Paene
196 2014 278 2077 mihi
296 2036 403 2099 puero
418 2035 484 2083 nec
500 2015 609 2102 dignu
624 2036 689 2081 uec
706 2016 797 2093 utilis
813 2037 902 2081 uxor

105 2120 167 2185 Est
183 2121 273 2195 data,
293 2141 381 2206 quae
397 2131 533 2205 tempus
549 2143 610 2206 per
625 2122 730 2187 breve
747 2134 853 2207 nupta
870 2122 943 2187 suit.
1080 2151 1114 2206 70

60 2226 114 2293 Illi
132 2226 306 2301 successit,
325 2226 486 2312 quamvis
497 2227 573 2293 sine
591 2226 733 2293 crimine
751 2228 917 2315 conjunx,
948 2273 952 2276 -

104 2332 185 2397 Non
202 2344 317 2397 tamen
333 2332 368 2395 in
385 2342 500 2414 nostro
515 2333 615 2397 firma
632 2332 744 2399 sutura
760 2344 847 2399 toro.

59 2439 201 2523 Ultima,
219 2460 308 2525 quae
324 2460 459 2504 mecum
476 2460 570 2525 seros
586 2439 775 2524 permansit
790 2439 826 2520 iu
844 2461 966 2518 annos,

104 2546 270 2610 Sustinuit
288 2546 438 2633 conjunx
455 2547 584 2612 exsulis
601 2568 678 2614 esse
693 2546 770 2613 viri.

58 2651 146 2716 Filia
166 2674 219 2717 me
235 2675 311 2717 mea
328 2653 381 2721 bis
398 2655 508 2738 prima
526 2653 674 2721 secunda
687 2653 844 2741 juventa,
1010 2722 1013 2727 ,
1043 2653 1045 2656 ’
1077 2686 1111 2743 75

103 2759 174 2823 Sed
191 2781 259 2822 non
276 2781 320 2822 ex
335 2781 406 2823 uno
422 2760 583 2847 conjuge,
603 2761 683 2826 secit
699 2781 802 2827 avum
815 2785 829 2841 ;¹
868 2806 873 2815 1
998 2840 1007 2856 .

58 2863 101 2926 Et
114 2865 186 2949 jam
204 2866 391 2948 complerat
407 2865 542 2950 genitor
559 2889 621 2933 sua
639 2867 721 2945 fata,
740 2890 933 2956 novemque

103 2967 294 3031 Addiderat
310 2969 423 3034 lustris
441 2972 547 3037 altera
566 2972 826 3051 lustranovem.
895 3023 897 3026 ψ

57 3071 138 3136 Non
157 3074 252 3138 aliter
268 3073 359 3150 flevi,
378 3096 482 3160 quam
504 3098 559 3142 me
575 3078 714 3147 fleturus
732 3081 930 3166 ademptum

101 3178 163 3244 Ille
181 3180 253 3243 fuit.
304 3180 409 3244 Matri
430 3184 587 3268 proxima
599 3185 691 3273 justa
709 3187 781 3251 tuli.

55 3285 190 3351 Felices
208 3289 308 3353 ambo
327 3293 597 3381 tempestiveque
615 3294 751 3380 sepulti,
918 3367 921 3372 Δ

99 3391 190 3457 Ante
208 3395 299 3459 diem
319 3419 451 3481 poenae
469 3401 559 3487 quod
575 3401 708 3486 periere
726 3399 846 3467 meael
950 3446 953 3451 <

55 3497 115 3562 Me
132 3523 266 3588 quoque
285 3507 433 3583 felicem,
452 3510 543 3595 quod
560 3531 629 3576 non
646 3509 837 3577 viventibus
853 3509 921 3577 illis

99 3605 184 3672 Sum
204 3613 320 3689 miser,
341 3625 373 3678 et
390 3614 432 3681 de
451 3637 504 3681 me
521 3617 612 3701 quod
630 3617 768 3683 doluere
785 3616 883 3683 nihil.
973 3665 976 3670 -

54 3715 91 3779 Si
109 3729 223 3785 tamen
243 3722 416 3788 exstinctis
434 3722 563 3808 aliquid
580 3723 644 3792 nisi
662 3724 801 3791 nomina
817 3735 934 3803 restat,
1073 3745 1119 3814 85·

98 3825 141 3891 Et
158 3827 297 3915 gracilis
314 3838 458 3893 structos
474 3827 595 3917 effugit
610 3830 733 3897 umbra
748 3853 852 3920 rogos
865 3855 875 3908 ;
