2476 4148
106 161 148 208 10
268 161 294 206 1.
334 139 406 206 The
434 139 598 206 Creation
621 137 697 205 and
714 140 773 205 the
794 137 920 204 Flood.
1007 157 1153 228 [Marxu.

103 339 194 403 filius
210 348 289 402 ante
303 337 395 402 diem
412 336 539 422 patrios
554 336 693 422 inquirit
708 336 743 400 in
760 357 881 402 annos·

103 445 192 509 victa
205 445 297 533 jacet
312 445 441 528 pietas3
466 454 500 507 et
514 442 614 530 virgo
630 442 737 507 caede
754 443 946 520 madentes,

103 551 222 616 ultima
239 550 438 624 caelestum,
455 561 565 614 terras
581 547 728 613 Astraea
744 549 893 635 reliquit.

103 679 192 724 neve
207 656 294 723 sore't
308 656 405 721 terris
422 656 574 721 securior
590 655 718 720 arduus
735 657 866 732 aether,

104 764 283 829 affectasse
299 763 412 827 ferunt
426 783 573 850 regnum
590 762 738 826 caeleste
755 761 940 850 Gigantas,

104 872 240 957 altaque
257 881 438 956 congestos
455 868 619 934 struxisse
636 868 680 932 ad
696 867 810 933 sidera
827 882 972 936 montes.

147 977 240 1041 Tum
257 987 354 1061 pater
368 974 584 1058 omnipotens
601 974 706 1040 misso
722 975 888 1064 perfregit
903 976 1092 1065 Olympum

103 1083 259 1157 fulmine,
277 1093 311 1146 et
327 1081 478 1146 excussit
493 1080 647 1168 subjecto
663 1080 785 1146 Pelion
803 1082 925 1148 Ossae.
1105 1114 1155 1170 155

103 1191 225 1254 obruta
241 1189 330 1253 mole
347 1208 408 1252 sua
425 1208 503 1251 curn
521 1208 664 1271 corpora
681 1188 755 1253 dira
768 1189 935 1277 jacerent,

104 1296 278 1381 perfusam
296 1295 401 1358 multo
417 1304 574 1358 natorum
592 1294 761 1382 sanguine
777 1295 924 1361 Terram

103 1401 313 1467 inmaduisse
329 1400 442 1464 serunt
457 1401 678 1487 calidumque
693 1400 865 1467 animasse
881 1424 1050 1488 cruorem,

104 1521 149 1584 et,
168 1531 211 1573 ne
228 1509 322 1572 nulla
339 1528 421 1572 suae
438 1507 553 1592 stirpis
569 1519 790 1573 monumenta
807 1521 997 1586 manerent,

103 1616 138 1680 in
155 1616 279 1680 faciem
296 1615 436 1680 vertisse
454 1615 653 1689 hominum3
678 1615 739 1680 sed
756 1626 789 1680 et
804 1617 863 1680 illa
880 1638 1036 1704 propago
1106 1632 1156 1688 160

104 1712 331 1806 contemptrix
347 1742 509 1805 superum
527 1742 719 1808 saevaeque
736 1722 935 1787 avidissima
952 1721 1067 1788 caedis

104 1841 137 1894 ct
152 1829 301 1892 violenta
318 1826 399 1902 fuit3
426 1828 532 1892 scires
548 1849 567 1892 e
585 1829 754 1915 sanguine
770 1840 880 1895 natos.

150 1934 252 2023 Quae
269 1945 366 2020 pater
381 1945 418 1999 ut
434 1955 568 1998 summa
584 1934 668 1998 vidit
683 1934 864 2000 Saturnius
881 1957 974 2012 arce,

103 2042 267 2130 ingemit;
293 2052 337 2116 et,
356 2041 448 2105 sacto
463 2040 614 2105 nondum
631 2041 773 2127 vulgata
789 2032 929 2117 recenti,

103 2150 204 2214 foeda
222 2147 423 2235 Lycaoniae
442 2147 593 2212 referens
610 2146 766 2211 convivia
783 2169 938 2224 mensae,

103 2256 262 2344 ingentes
278 2254 393 2319 animo
409 2264 442 2319 et
458 2253 582 2340 dignas
594 2253 681 2338 Jove
697 2253 846 2337 concipit
861 2254 941 2330 iras,

104 2363 356 2448 conciliumque
373 2371 493 2435 vocat;
518 2360 626 2424 tenuit
641 2381 738 2424 mora
754 2360 849 2424 nulla
865 2372 1017 2428 vocatos.

104 2480 156 2534 est
170 2470 226 2533 via
243 2468 412 2542 sublimis,
432 2468 529 2532 caelo
546 2466 725 2531 manifesta
742 2488 884 2532 sereno:

103 2574 237 2642 Lactea
253 2594 379 2639 nornen
396 2573 511 2648 babet,
533 2573 682 2638 candore
698 2573 856 2638 notabilis
873 2573 960 2658 ipso.
1046 2622 1048 2626 ι

104 2683 171 2747 hac
188 2682 250 2746 iter
265 2692 317 2746 est
332 2680 465 2765 superis
482 2680 525 2745 ad
543 2678 660 2767 magni
677 2688 767 2744 tecta
782 2679 950 2745 Tonantis

104 2789 327 2876 regalemque
344 2787 505 2862 domum3
530 2787 651 2852 dextra
668 2787 835 2872 laevaque
852 2786 996 2853 deorum

105 2896 190 2959 atria
206 2894 371 2960 nobilium
388 2893 498 2958 valvis
514 2893 730 2958 celebrantur
746 2892 883 2977 apertis.

105 3002 203 3087 plebs
218 3001 349 3066 habitat
365 3000 500 3065 diversa
516 3001 621 3076 locis3
647 3021 667 3064 a
683 2998 793 3064 fronte
810 3008 964 3084 potentes

105 3109 291 3174 caelicolae
308 3107 459 3194 clarique
477 3130 556 3172 suos
573 3128 718 3193 posuere
735 3117 889 3192 penates.

105 3215 162 3280 hic
177 3215 273 3279 locus
289 3225 352 3289 est,
370 3235 487 3300 quem,
506 3213 534 3278 si
550 3214 664 3278 verbis
681 3213 826 3278 audacia
844 3213 954 3290 detur,
1052 3205 1055 3211 ’

105 3321 199 3386 haud
215 3321 353 3385 timeam
371 3320 488 3407 magni
506 3320 633 3385 dixisse
650 3321 794 3385 Palatia
812 3320 913 3385 caeli.

150 3427 245 3515 Ergo
262 3427 319 3491 ubi
336 3447 528 3491 marmoreo
544 3426 657 3511 superi
675 3426 793 3492 sedere
810 3449 963 3504 recessu,

106 3534 229 3600 celsior
244 3534 318 3618 ipse
334 3533 410 3597 loco
427 3543 629 3619 sceptroque
646 3532 782 3598 innixus
800 3535 931 3601 eburno

105 3640 288 3706 terrificam
305 3639 425 3724 capitis
443 3638 614 3703 concussit
630 3642 748 3725 terque
764 3652 953 3729 quaterque

106 3745 308 3822 caesariem,
326 3767 405 3810 cum
422 3766 490 3832 qua
506 3756 645 3819 terram,
664 3767 772 3821 mare,
791 3747 904 3813 sidera
921 3748 1037 3816 movit.

105 3854 231 3919 talibus
248 3852 327 3918 inde
345 3853 455 3918 modis
470 3873 531 3918 ora
546 3852 761 3941 indignantia
779 3855 900 3921 solvit:
