2476 4148
114 160 177 232 132
425 148 496 214 The
525 146 610 216 Tale
633 152 682 237 (ff
699 149 860 217 Galatea.
1015 160 1163 238 [Martii.

112 355 292 412 senserunt
307 346 432 411 undae.
482 347 638 412 Latitans
655 368 722 436 ego
739 368 836 434 rupe,
855 346 992 438 meique

111 453 232 517 Acidis
248 453 283 516 in
300 453 432 539 gremio
448 455 614 530 residens,
633 455 752 540 procul
770 455 908 521 auribus
926 456 1026 522 hausi

110 560 192 624 talia
209 559 298 623 dicta
315 560 413 635 meis,
432 560 613 646 auditaque
631 571 744 624 mente
761 560 896 625 notavi:

157 676 166 705 ⁶
182 663 371 731 Candidior
387 660 468 730 solio
484 667 588 741 nivei,
607 664 765 743 Galatea,
785 667 932 754 ligustri,

110 770 261 836 floridior
277 771 394 855 pratis,
412 772 518 858 longa
535 773 707 856 procerior
724 774 816 848 eln0‚

111 877 321 962 splendidior
337 877 434 952 vitro,
452 890 569 943 tenero
586 879 745 943 lascivior
761 880 886 957 haedo,

109 983 217 1049 levior
232 983 376 1049 adsiduo
392 984 520 1049 detritis
537 1005 685 1071 aequore
702 987 854 1062 conchis

109 1091 237 1156 solibus
255 1090 419 1166 hibernis,
438 1084 573 1155 aestiva
584 1091 713 1178 gratior
728 1093 872 1170 umbra,

109 1198 254 1262 nobilior
263 1197 386 1283 pomis,
397 1199 536 1283 platano
553 1199 767 1284 conspectior
782 1201 862 1277 alta,

109 1304 252 1368 lucidior
268 1305 394 1391 glacie,
413 1296 546 1368 matura
563 1305 695 1369 dulcior
710 1326 791 1382 uva,

110 1410 242 1475 mollior
258 1421 291 1476 et
306 1410 411 1498 cygni
427 1411 552 1495 plumis
570 1421 602 1475 et
618 1412 706 1476 lacte
723 1425 854 1490 coacto,

108 1530 152 1594 et,
171 1518 199 1583 si
216 1538 284 1582 non
302 1517 427 1603 fugias,
447 1514 545 1603 riguo
561 1517 739 1583 formosior
756 1520 851 1586 horto
864 1544 873 1583 t
884 1556 931 1569 -—-

107 1624 240 1690 saevior
256 1623 429 1687 indomitis
445 1623 566 1687 eadem
584 1622 730 1689 Galatea
742 1625 912 1712 juvencis,

107 1731 222 1797 durior
238 1751 369 1795 annosa
386 1751 526 1818 quercu,
546 1731 700 1796 fallacior
714 1733 829 1810 undis,

106 1838 227 1902 lentior
243 1849 276 1902 et
292 1837 405 1902 salicis
421 1838 529 1924 virgis
546 1849 581 1902 et
596 1839 719 1903 vitibus
737 1840 835 1916 albis,

107 1944 159 2008 his
176 1944 381 2008 immobilior
398 1945 560 2029 scopulis,
578 1946 758 2012 violentior
775 1965 889 2022 amne,

62 2105 65 2109 .
105 2051 244 2116 laudato
261 2071 394 2135 pavone
411 2051 600 2136 superbior,
621 2053 730 2117 acrior
746 2053 832 2140 igni,

16 2160 18 2164 ”
106 2158 258 2243 asperior
275 2157 417 2232 tribulis,
437 2159 526 2222 foeta
542 2156 762 2224 truculentior
778 2181 870 2236 ursa,

106 2265 239 2330 surdior
256 2266 472 2353 aequoribus,
491 2267 622 2331 calcato
639 2266 801 2331 immitior
817 2264 941 2353 hydr0,

104 2385 138 2438 et
157 2374 265 2462 (quod
283 2375 467 2460 praecipue
482 2372 607 2438 vellem
624 2375 683 2438 tibi
700 2375 839 2439 demere
855 2374 1010 2463 possem)
1102 2393 1154 2464 805

105 2504 173 2546 non
190 2493 319 2546 tantum
338 2504 438 2546 cervo
455 2482 556 2546 claris
574 2481 750 2547 latratibus
769 2493 857 2557 act0‚

104 2610 222 2653 verum
240 2589 342 2654 etiam
358 2589 468 2654 ventis
484 2588 682 2673 volucrique
700 2587 855 2675 fugacior
871 2587 976 2654 aura!

151 2708 159 2738 ‘
176 2697 235 2774 At,
252 2698 341 2764 bene
358 2698 384 2763 si
402 2698 507 2772 noris,
526 2697 643 2783 pigeat
659 2695 809 2784 fugisse3
836 2714 1017 2784 morasque

103 2804 178 2890 ipsa
194 2816 271 2870 tuas
287 2805 443 2879 damnes,
462 2815 495 2869 et
511 2826 566 2869 me
583 2803 727 2867 retinere
744 2803 892 2891 labores.

104 2924 182 2978 sunt
199 2913 295 2987 mihi,
314 2933 393 2998 pars
410 2913 545 2986 montis,
564 2913 642 2978 vivo
659 2913 843 2997 pendentia
859 2931 944 2978 saxo
1102 2932 1155 2987 810

104 3030 212 3094 antra,
231 3020 354 3106 quibus
371 3040 435 3084 nec
452 3020 502 3084 sol
520 3019 632 3083 medio
650 3019 790 3083 sentitur
807 3020 841 3083 in
860 3031 968 3094 aestu,

103 3146 168 3189 nec
185 3125 325 3190 sentitur
341 3126 495 3211 hiemps3
521 3135 599 3189 sunt
615 3145 716 3209 poma
734 3125 914 3212 gravantia
931 3142 1067 3200 ramos3

103 3244 181 3296 sunt
197 3252 280 3296 auro
296 3232 424 3297 similes
442 3231 554 3318 longis
570 3231 605 3294 in
624 3230 745 3295 vitibus
762 3251 870 3306 uvae;

102 3349 180 3403 sunt
196 3349 229 3402 et
245 3359 435 3422 purpureae
449 3359 457 3399 t
481 3337 540 3400 tibi
557 3347 590 3401 et
605 3337 668 3401 has
685 3358 876 3413 servamus,
894 3349 927 3403 et
941 3338 1031 3404 illas,

102 3441 176 3525 ipsa
193 3439 258 3503 tuis
275 3440 432 3504 manibus
448 3439 592 3504 silvestri
609 3444 687 3502 nala
705 3439 768 3502 sub
784 3440 906 3505 umbra
1100 3459 1131 3512 81
1136 3469 1152 3528 ς

102 3544 218 3609 mollia
235 3545 333 3631 fraga
350 3546 457 3633 leges,
474 3545 548 3630 ipsa
567 3545 776 3609 autumnalia
794 3567 911 3623 corna,

101 3672 292 3738 prunaque,
311 3674 380 3717 non
397 3653 506 3720 solum
524 3651 623 3738 nigro
640 3651 779 3715 liventia
797 3674 892 3729 suco,

101 3779 219 3822 verum
237 3758 338 3822 etiam
356 3779 524 3845 generosa
542 3778 717 3843 novasque
734 3757 901 3824 imitantia
919 3780 1029 3825 ceras.

100 3886 166 3931 nec
181 3864 241 3929 tibi
258 3875 438 3929 castaneae
457 3885 510 3927 me
528 3862 688 3951 conjuge,
706 3884 772 3927 nec
786 3864 845 3928 tibi
862 3865 1007 3931 deerunt
