2476 4148
94 129 157 218 148
322 131 394 198 The
428 132 587 222 Worshz'p
609 137 657 220 of
669 133 911 224 AEsculapz'us.
992 148 1140 216 [Maean.

91 326 345 414 Parthenopen,
363 341 397 395 et
412 331 455 396 ab
472 331 539 397 hac
555 331 732 397 Cumaeae
747 330 876 415 templa
894 314 1063 414 Sibyllae.

89 435 171 499 hinc
187 436 290 500 calidi
306 437 416 502 fontes
432 438 744 524 lentisciferumque
760 447 893 501 tenetur
910 511 913 518 Ι

90 537 306 616 Linternum,
325 541 536 627 multamque
552 543 691 606 trahens
708 541 771 605 sub
788 538 926 626 gurgite
943 559 1086 605 arenam

89 643 290 722 Volturnus,
310 646 487 732 niveisque
504 646 664 733 frequens
681 646 848 711 Sinuessa
867 646 1049 723 columbis,
1088 675 1139 733 715

89 749 355 838 Minturnaeque
372 772 509 839 graves,
529 762 562 817 et
576 772 679 838 quam
695 752 876 816 tumulavit
892 754 1064 828 alumnus,

88 855 367 944 Antiphataeque
383 859 519 933 domus,
537 857 762 943 Trachasque
780 860 920 925 obsessa
936 860 1076 945 palude,

89 974 123 1030 et
137 964 238 1029 tellus
254 963 413 1040 Circaea,
432 974 465 1029 et
481 963 580 1048 spissi
597 962 704 1027 litoris
720 961 879 1029 Antium.
961 1005 964 1009 >

136 1068 216 1135 Huc
231 1070 289 1134 ubi
306 1070 483 1135 veliferam
499 1080 626 1134 nautae
644 1069 821 1136 advertere
838 1073 991 1138 carinam
1005 1109 1051 1123 -

89 1198 191 1263 asper
207 1178 297 1242 enirn
310 1178 383 1267 jam
398 1190 522 1262 pontus
540 1187 667 1242 erat-
680 1177 764 1242 deus
782 1179 932 1264 explicat
946 1180 1060 1257 orbes,
1087 1209 1140 1264 720

88 1292 218 1370 perque
235 1284 328 1349 sinus
346 1285 483 1349 crebros
501 1295 533 1348 et
551 1304 678 1370 magna
695 1285 870 1350 volumina
887 1287 1019 1363 labenS,

88 1392 216 1475 templa
232 1390 382 1475 parentis
398 1390 459 1455 init
473 1389 600 1453 flavum
618 1390 794 1476 tangentia
811 1391 902 1457 litus.

90 1508 238 1583 aequore
254 1508 376 1582 pacato
393 1496 520 1582 patrias
537 1495 747 1580 Epidaurius
765 1519 843 1564 aras

89 1603 221 1690 linquit,
240 1616 274 1668 et
289 1603 434 1688 hospitio
447 1602 556 1691 juncti
573 1602 635 1666 sibi
654 1603 803 1670 numinis
820 1626 902 1672 usus

89 1710 243 1775 litoream
260 1721 369 1775 tractu
386 1729 551 1796 squamae
569 1708 765 1794 crepitantis
783 1732 924 1776 arenam
1088 1741 1140 1798 725

89 1817 211 1891 sulcat,
231 1829 263 1881 et
279 1817 416 1881 innixus
434 1815 667 1880 moderamine
684 1817 782 1882 navis
799 1819 835 1882 in
852 1820 921 1882 alta

89 1945 204 2008 puppe
221 1934 323 2007 caput
339 1922 463 2007 posuit,
482 1923 592 1986 donec
609 1920 838 2010 Castrumque
855 1945 1041 2012 sacrasque

89 2027 214 2093 Lavini
231 2030 331 2094 sedes
347 2027 580 2114 Tiberinaque
598 2028 642 2092 ad
659 2029 745 2093 ostia
761 2031 866 2094 venit.

136 2135 216 2199 Huc
231 2155 350 2200 omnes
367 2134 484 2219 populi
501 2134 643 2220 passim,
664 2147 878 2222 matrumque
897 2146 1101 2223 patrumque

88 2241 189 2307 obvia
205 2243 303 2306 turba
320 2241 398 2316 ruit,
417 2261 574 2327 quaeque
590 2241 703 2326 ignes,
722 2241 863 2316 Troica,
883 2252 1033 2319 servant,
1089 2272 1142 2328 730

87 2347 208 2422 Vesta,
226 2358 314 2422 tuos,
332 2348 490 2432 laetoque
506 2347 609 2411 deum
628 2346 777 2412 clamore
796 2349 964 2422 salutant3

89 2475 224 2540 quaque
241 2475 302 2537 per
319 2453 481 2517 adversas
498 2452 595 2516 navis
612 2451 679 2516 cita
696 2452 830 2517 ducitur
846 2455 977 2530 undas,

88 2571 164 2623 tura
180 2580 282 2643 super
297 2558 389 2643 ripas
406 2558 474 2622 aris
491 2579 535 2622 ex
550 2559 670 2623 ordine
689 2559 786 2623 factis

88 2676 184 2751 parte
201 2665 244 2729 ab
261 2675 402 2750 utraque
419 2675 554 2740 sonant,
573 2675 606 2729 et
622 2665 766 2730 odorant
783 2671 863 2730 aera
880 2663 1004 2731 fumis:

88 2772 222 2858 ictaque
239 2774 410 2860 conjectos
426 2772 599 2837 incalfacit
616 2772 725 2837 hostia
744 2773 881 2836 cultros.
1020 2804 1022 2808 ·
1087 2801 1139 2858 735

129 2880 275 2966 Jamque
293 2891 395 2965 caput
411 2902 537 2956 rerum,
556 2881 752 2945 Romanam
771 2878 955 2942 intraverat
970 2879 1103 2943 urbem.

88 2986 229 3073 erigitur
245 3007 397 3072 serpens,
410 3008 618 3072 summoque
636 2985 781 3050 acclinia
800 2985 893 3050 malo

89 3095 178 3157 colla
195 3106 317 3169 movet,
337 3095 503 3180 sedesque
521 3094 584 3159 sibi
601 3092 830 3180 circumspicit
846 3103 956 3177 aptas.

89 3200 252 3264 scinditur
267 3200 301 3263 in
319 3201 476 3288 geminas
493 3211 606 3285 partes
623 3199 841 3264 circumfluus
859 3197 990 3262 amnisz
1048 3280 1056 3293 ι

88 3301 201 3364 insula
218 3293 343 3366 nomen
360 3302 484 3374 habet3
509 3302 721 3388 laterumque
738 3323 758 3366 e
775 3312 870 3387 parte
887 3301 1032 3365 duorum
1085 3328 1141 3383 740

88 3407 230 3494 porrigit
247 3408 408 3493 aequales
424 3407 537 3471 media
554 3408 673 3472 tellure
686 3409 847 3472 lacertos.

88 3514 156 3576 huc
172 3535 208 3576 se
226 3513 268 3577 de
285 3512 385 3577 Latia
402 3513 485 3598 pinu
501 3513 694 3577 Phoebeius
712 3514 842 3601 anguis

88 3619 240 3693 contulit,
259 3631 292 3683 et
308 3620 410 3682 finem
428 3620 542 3704 specie
559 3620 706 3684 caeleste
722 3631 895 3704 resumpta

88 3727 233 3791 luctibus
250 3724 422 3813 imposuit,
441 3725 601 3812 venitque
617 3725 771 3791 salutifer
786 3726 887 3792 Urbi.
