2476 4148
130 149 195 257 {04
243 176 244 179 =
418 129 454 196 Τ
448 129 490 195 Ire
512 130 632 196 Deatk
656 128 894 274 &Orpheus
1038 145 1182 217 [Mesua

320 408 420 474 XVI.
453 409 538 473 Tun
563 410 700 474 Dennrr
724 429 770 474 ou
794 408 983 475 Onnrrnus.
1025 371 1027 375 Ι

496 606 600 674 [Boon
618 604 819 676 Xl.-1-84.]

182 779 278 831 Sr1LL
296 777 449 848 lamenting
468 775 497 828 in
515 775 636 828 solitude
654 774 697 828 for
709 775 754 828 his
767 775 823 829 lost
840 775 989 846 Eurydice,
1004 768 1138 845 Orpheus
1158 776 1184 830 is

127 865 248 917 assailed
270 866 299 917 in
319 882 337 918 a
360 864 453 933 srenzy
474 863 512 933 by
533 862 580 915 the
600 877 708 915 women
728 861 760 914 os
775 861 892 928 Thrace,
913 862 976 915 who
996 870 1057 915 tear
1076 862 1135 915 him
1154 863 1185 915 in

127 951 238 1019 pieces;
259 968 291 1004 so
306 952 365 1005 that
378 951 457 1004 while
477 950 521 1002 his
542 948 616 1018 body
630 948 653 1000 is
673 947 760 1002 borne
778 963 854 1016 upon
872 948 920 1002 the
940 948 1065 1015 Hebrus,
1079 949 1136 1002 and
1154 957 1185 1002 to

127 1039 174 1090 the
188 1037 238 1091 isle
252 1037 284 1090 of
300 1038 415 1103 Lesbos,
429 1039 472 1090 his
486 1036 574 1090 shade
588 1036 716 1105 securely
732 1035 808 1104 joins
822 1035 882 1088 that
899 1033 931 1091 of
946 1035 991 1088 his
1005 1035 1068 1089 wife
1087 1035 1117 1088 in
1136 1036 1185 1088 the

129 1124 245 1194 Elysian
266 1126 289 1177 F
291 1125 359 1178 ields
378 1126 441 1191 (XI.
459 1120 553 1191 1-66);
573 1124 619 1175 the
638 1138 747 1174 women
761 1122 822 1174 who
840 1121 896 1176 had
913 1121 1017 1175 caused
1036 1122 1081 1175 his
1099 1122 1184 1176 death

127 1209 212 1279 being
224 1212 262 1280 by
273 1211 401 1265 Bacchus
415 1210 543 1281 changed
556 1218 584 1263 to
598 1217 671 1262 trees
687 1207 816 1278 (67-84).

101 1422 104 1426 ι
133 1379 404 1524 CARMINE
426 1382 508 1447 durn
526 1381 584 1446 tali
601 1381 706 1445 silvas
723 1378 923 1466 animosque
940 1379 1090 1445 ferarum

69 1480 72 1485 ’
224 1489 408 1553 Threicius
426 1500 520 1554 vates
536 1500 569 1552 et
585 1508 670 1553 saxa
688 1486 865 1571 sequentia
881 1486 987 1570 ducit,

131 1617 213 1661 ecce
230 1617 334 1660 nurus
352 1594 534 1668 Ciconum,
552 1604 660 1658 tectae
677 1593 855 1679 lymphata
873 1592 989 1657 ferinis

129 1713 269 1788 pectora
285 1701 482 1776 velleribus,
500 1699 621 1764 tumuli
638 1700 681 1764 de
698 1698 824 1764 vertice
842 1710 986 1762 cernunt

130 1807 287 1894 Orphea,
304 1807 475 1893 percussis
492 1806 678 1872 sociantem
694 1803 848 1869 carmina
864 1805 988 1868 nervis.
1168 1835 1185 1893 5

129 1916 287 2001 equibus
304 1935 386 1989 una,
405 1914 516 1978 levem
530 1913 658 2000 jactato
676 1911 770 1976 crine
786 1930 849 1995 per
865 1930 1000 1985 auram,
1092 1932 1096 1938 ·

130 2019 231 2096 ‘Em’
248 2020 295 2084 ait
313 2030 321 2061 ‘
337 2041 381 2084 en
398 2019 455 2084 hic
471 2030 522 2084 est
537 2019 641 2083 nostri
659 2014 959 2102 contemptorl’et
975 2017 1112 2084 hastam

127 2126 215 2192 vatis
232 2124 406 2212 Apollinei
423 2125 556 2191 vocalia
573 2125 663 2190 misit
679 2125 714 2189 in
730 2144 811 2189 ora:

128 2254 217 2319 quae
234 2232 323 2298 soliis
340 2243 506 2318 praesuta¹
516 2243 630 2297 notam
648 2231 722 2296 sine
738 2231 879 2296 vulnere
896 2229 987 2297 fecit.

174 2338 325 2404 Alterius
341 2339 446 2404 telum
463 2338 550 2422 lapis
568 2348 630 2411 est,
648 2337 705 2423 qui
724 2337 860 2414 missus,
879 2337 912 2402 in
930 2337 1005 2424 ipso
1152 2370 1185 2411 10

130 2451 209 2511 aere
226 2456 394 2510 concentu
411 2444 520 2510 victus
536 2444 698 2531 vocisque
715 2444 879 2531 lyraeque
897 2456 959 2522 est,
1002 2466 1005 2471 ·

132 2572 175 2617 ac
190 2551 293 2616 veluti
311 2551 457 2636 supplex
473 2560 620 2636 protam
637 2550 815 2617 furialibus
832 2555 925 2620 ausis

132 2668 210 2722 ante
227 2657 333 2742 pedes
345 2656 464 2743 jacuit.
513 2655 584 2721 Sed
601 2657 692 2720 enirn
709 2659 890 2724 temeraria
907 2650 1081 2728 crescunt'

128 2764 234 2838 bella,
254 2764 442 2849 modusque
459 2762 552 2836 abiit,
570 2762 760 2851 insanaque
777 2781 900 2856 regnat
916 2769 1056 2856 Erinys.

174 2868 376 2954 Cunctaque
393 2869 460 2933 tela
477 2869 586 2934 forent
603 2883 704 2936 cantu
723 2875 872 2951 mollita;
897 2875 959 2940 sed
975 2874 1100 2963 ingens
1151 2908 1181 2964 ¹5

129 2977 260 3040 clamor
276 2986 308 3038 et
325 2974 467 3039 infracto
484 2974 691 3063 Berecyntia
708 2980 789 3044 tibia
806 3002 926 3054 cornu,

35 3075 37 3079 ’
127 3093 360 3168 tympanaque
376 3091 409 3146 et
424 3082 565 3167 plausus
581 3097 615 3149 et
630 3085 781 3152 Bacchei
800 3088 948 3152 ululatus

128 3189 347 3272 obstrepuere
364 3209 448 3253 sono
466 3189 629 3255 citharae.
677 3191 769 3256 Tum
787 3192 934 3278 denique
950 3212 1036 3258 saxa

128 3316 197 3358 non
214 3295 364 3358 exauditi
381 3297 570 3361 rubuerunt
586 3298 755 3382 sanguine
772 3298 871 3362 vatis.

128 3420 171 3464 ac
187 3398 332 3484 primum
350 3403 509 3466 attonitas
522 3403 714 3494 'etiamnum
731 3424 816 3468 voce
833 3403 987 3468 canentis
1146 3396 1181 3476 ao

127 3505 325 3571 innumeras
341 3509 512 3580 volucres,
532 3528 732 3593 anguesque
749 3528 944 3595 agmenque
961 3509 1126 3587 serarum,

128 3611 321 3679 Maenades
339 3613 470 3698 Orphei
487 3613 619 3676 titulum
637 3634 782 3697 rapuere
799 3614 971 3699 triumphi.

173 3718 258 3783 Inde
275 3719 459 3784 cruentatis
476 3729 652 3782 vertuntur
668 3718 704 3781 in
721 3718 863 3804 Orphea
879 3721 1019 3798 dextris,

128 3836 162 3890 et
177 3831 302 3891 coeunt
318 3835 353 3888 ut
370 3845 464 3899 aves
482 3824 511 3888 si
528 3825 666 3909 quando
682 3825 759 3890 luce
774 3838 961 3913 vagantem
