2476 4148
117 147 173 203 rx.
190 146 261 220 aa]
340 129 412 196 Tae
433 93 616 196 Poaonea'
629 128 732 195 sam
754 129 961 214 messus.
1121 147 1164 218 93

115 324 279 392 flemus?’
295 326 362 392 aitz
388 327 526 412 ‘pellex
542 325 692 390 lacrimis
709 325 889 390 laetabitur
905 325 989 390 istis.

114 453 205 519 quae
228 434 391 519 quoniam
417 431 589 508 adveniet,
604 432 874 517 properandum,
893 431 1089 519 aliquidque
1106 455 1167 500 no-

250 540 402 604 vandum
419 549 483 615 est,
1117 569 1164 625 145

114 644 198 710 dum
213 644 306 721 licet,
324 657 358 711 et
374 646 526 711 nondum
543 645 714 710 thalamos
729 653 823 710 tenet
839 643 945 710 altera
962 656 1107 711 nostros.

113 772 320 839 conquerar,
339 772 381 816 an
400 750 542 817 sileam?
566 762 718 837 repetam
736 751 932 839 Calydona,
952 756 1132 816 morernei

112 858 283 923 excedam
300 856 418 923 tectis?
442 879 500 933 an,
519 857 547 923 si
563 858 648 922 nihil
666 858 825 943 amplius,
843 857 997 923 obstem?

113 963 242 1051 quidsi
259 985 326 1040 me,
345 963 540 1052 Meleagre‚
555 976 652 1055 'tuam
670 985 801 1028 memor
817 986 892 1029 esse
909 985 1061 1030 sororem

112 1071 200 1136 forte
216 1092 300 1156 paro
318 1071 463 1145 facinus,
482 1086 716 1157 quantumque
733 1070 857 1158 injuria
873 1071 980 1156 possit
1117 1100 1166 1157 150

39 1254 45 1263 .
113 1174 351 1264 femineusque
368 1178 478 1252 dolor,
493 1177 651 1265 jugulata
668 1177 791 1262 pellice
807 1175 949 1242 testor?’

160 1283 323 1349 Incursus
341 1283 474 1348 animus
491 1283 604 1349 varios
620 1284 744 1349 habet:
768 1284 927 1350 omnibus
943 1283 1010 1349 illis

113 1392 274 1478 praetulit
288 1391 454 1458 imbutam
471 1391 607 1458 Nesseo
624 1392 794 1479 sanguine
811 1403 942 1456 vestem

115 1501 259 1578 mittere,
277 1523 366 1588 quae
382 1501 472 1568 vires
489 1500 622 1567 desecto
639 1501 760 1565 reddat
776 1499 894 1564 amori.

114 1607 303 1697 ignaroque
321 1608 467 1684 Lichae,
486 1608 567 1694 quid
583 1608 696 1673 tradat
711 1607 841 1683 nescia,
860 1608 970 1672 luctus
1117 1635 1165 1692 155

115 1715 189 1801 ipsa
207 1739 286 1782 suos
303 1717 417 1792 tradit,
434 1715 638 1802 blandisque
655 1714 846 1779 miserrima
862 1715 990 1790 verbis,

113 1825 205 1889 dona
222 1825 279 1890 det
294 1825 353 1889 illa
369 1824 455 1900 viro,
473 1825 622 1889 mandat
671 1822 774 1908 Capit
790 1823 917 1888 inscius
934 1825 1048 1899 heros

112 1931 331 2020 induiturque
348 1932 499 1997 humeris
515 1930 695 1997 Lernaeae
713 1933 806 1996 virus
823 1931 1003 1996 echidnae.

157 2037 255 2103 Tura
270 2040 374 2104 dabat
390 2038 508 2124 primis
525 2050 560 2103 et
576 2039 680 2104 verba
698 2038 873 2125 precantia
890 2038 1050 2116 flammis,

110 2144 261 2231 vinaque
278 2165 488 2210 marmoreas
504 2156 622 2230 patera
640 2145 803 2210 fundebat
820 2145 855 2209 in
872 2166 971 2210 aras:
1115 2163 1165 2218 160

110 2250 255 2316 incaluit
269 2250 322 2316 vis
338 2251 397 2315 illa
416 2252 509 2327 mali,
528 2252 745 2337 resolutaque
763 2251 911 2316 flammis

112 2355 307 2423 Herculeos
325 2358 407 2423 abiit
422 2359 490 2423 late
507 2357 632 2423 diffusa
648 2379 710 2443 per
727 2369 831 2422 artus.

110 2464 195 2530 dum
212 2464 331 2550 potuit,
350 2465 448 2530 solita
465 2465 631 2551 gemitum
647 2463 769 2529 virtute
785 2465 967 2548 repressit3

109 2570 201 2636 victa
219 2570 318 2636 malis
334 2581 514 2656 postquam
531 2581 582 2635 est
597 2569 775 2657 patientia,
793 2570 942 2655 reppulit
959 2592 1049 2647 araS,

109 2675 332 2764 implevitque
349 2677 419 2742 suis
437 2698 654 2742 nemorosum
672 2676 813 2742 vocibus
830 2676 953 2742 Oeten.
1113 2695 1162 2765 163

110 2804 177 2848 nec
193 2804 302 2859 mora,
320 2782 487 2849 letiferam
505 2795 648 2848 conatur
664 2783 820 2848 scindere
837 2795 988 2849 vestem:

109 2909 179 2975 qua
194 2889 350 2966 trahitur,
368 2890 471 2953 trahit
487 2889 546 2953 illa
563 2900 688 2965 cutem,
708 2889 915 2975 foedumque
931 2891 1054 2965 relatu,

110 3005 169 3059 aut
184 2995 302 3060 haeret
318 2995 478 3060 membris
497 2995 620 3060 frustra
636 3006 800 3081 temptata
817 2995 948 3072 revelli,

110 3113 169 3166 aut
184 3101 316 3167 laceros
334 3113 425 3167 artus
442 3113 476 3166 et
492 3101 637 3188 grandia
654 3101 782 3187 detegit
797 3121 888 3166 ossa.

108 3206 184 3292 ipse
200 3227 313 3283 cruor,
332 3207 448 3295 gelido
465 3229 529 3272 ceu
545 3208 718 3293 quondam
736 3206 864 3270 lamina
881 3207 1033 3272 candens
1112 3236 1160 3291 170

106 3313 212 3378 tincta
229 3315 320 3389 lacu,
340 3313 462 3388 stridit,
480 3314 702 3398 coquiturque
720 3313 859 3377 ardente
875 3334 1022 3377 veneno.

152 3419 231 3485 Nec
248 3420 369 3485 modus
383 3430 454 3485 est:
472 3421 610 3485 sorbent
626 3418 749 3484 avidae
766 3419 966 3503 praecordia
982 3419 1156 3496 flammae,

107 3529 355 3615 caeruleusque
371 3527 446 3592 fluit
461 3538 530 3593 toto
546 3528 590 3592 de
606 3547 749 3612 corpore
765 3527 882 3602 sudor,

107 3634 322 3720 ambustique
339 3645 463 3698 sonant
477 3632 587 3706 nervi,
607 3652 780 3718 caecaque
797 3632 956 3698 medullis

106 3740 184 3804 tabe
200 3739 392 3825 liquefactis
408 3739 552 3803 tendens
569 3739 612 3802 ad
630 3737 743 3803 sidera
760 3738 908 3823 palmas,
1109 3769 1156 3824 175

107 3843 317 3912 ‘Cladibus’
332 3845 516 3921 exclamat,
536 3854 546 3886 ⁴
559 3843 735 3921 Saturnia,
753 3864 897 3930 pascere
913 3842 1056 3909 nostris:
