2476 4148
142 165 206 250 138
375 165 410 232 Τ
405 166 447 231 lte
480 165 626 232 Wisdom
650 165 698 251 of
710 163 817 252 King
835 164 970 233 Numa.
1046 184 1193 255 [Mar-An.

140 373 174 428 et
189 364 429 450 quodcumque
445 364 546 436 latet3
573 362 771 448 primusque
787 361 949 428 animalia
967 361 1096 429 mensis

141 469 253 555 arguit
269 469 410 553 imponi.
460 468 595 533 Primus
612 490 748 554 quoque
764 468 888 534 talibus
905 490 965 533 ora

140 575 240 640 docta
256 576 394 661 quidem
412 574 523 649 solvit,
542 574 603 639 sed
620 596 689 639 non
706 585 739 638 et
756 575 897 650 credita,
916 575 1050 640 verbis:

188 692 197 722 ⁶
213 680 360 756 Parcite,
379 681 552 755 mortales,
571 680 717 764 dapibus
734 691 901 744 temerare
919 681 1080 747 nefandis
1160 710 1192 768 75

140 787 305 873 corpora!
352 787 441 852 Sunt
456 787 586 873 fruges,
606 798 682 851 sunt
699 786 902 850 deducentia
919 808 1034 853 ramos

140 895 292 980 pondere
309 914 411 978 poma
429 915 503 967 suo,
521 892 740 977 tumidaeque
757 891 792 954 in
808 892 932 956 vitibus
949 913 1061 969 uvae;

141 1011 219 1065 sunt
234 1001 361 1064 herbae
379 1000 509 1072 dulces,
528 1008 607 1062 sunt
622 1018 711 1084 quae
728 997 906 1062 mitescere
922 998 1065 1064 flamma

141 1107 333 1193 mollirique
349 1116 496 1192 queant;
522 1126 586 1168 nec
602 1104 699 1167 vobis
716 1104 847 1167 lacteus
865 1105 989 1169 humor

140 1212 292 1297 eripitur,
311 1233 375 1276 nec
392 1211 494 1274 mella
511 1210 620 1296 thymi
637 1209 825 1273 redolentia
842 1209 939 1273 flore.
1136 1221 1139 1226 ’
1158 1229 1193 1282 80

141 1319 286 1404 prodiga
304 1317 437 1382 divitias
455 1317 684 1401 alimentaque
702 1315 911 1380 mitia'tellus

140 1424 307 1510 suggerit,
327 1434 426 1509 atque
444 1423 563 1507 epulas
581 1423 654 1486 sine
671 1423 777 1486 caede
795 1432 828 1486 et
844 1423 1013 1510 sanguine
1034 1425 1190 1509 praebet.

140 1551 243 1595 carne
260 1530 352 1593 ferae
369 1530 489 1593 sedant
501 1526 645 1615 jejunia,
664 1549 729 1591 nec
744 1538 859 1592 tamen
876 1551 1016 1594 omnes:
1181 1542 1184 1547 '

139 1637 267 1723 quippe
284 1658 391 1722 equus
407 1647 440 1699 et
456 1635 606 1719 pecudes
624 1645 845 1720 armentaque
863 1636 1019 1722 gramine
1036 1635 1176 1709 vivunt;

140 1743 312 1829 atquibus
329 1742 506 1829 ingenium
525 1753 575 1806 est
592 1742 913 1828 inmansuetumque
931 1744 1124 1829 ferumque,
1157 1760 1191 1830 85

138 1847 395 1933 Armeniaeque
412 1848 517 1933 tigres
534 1848 758 1933 iracundique
775 1849 905 1923 leones

140 1975 287 2040 cumque
302 1954 392 2039 lupis
408 1955 492 2028 ursi,
511 1955 656 2039 dapibus
674 1977 752 2019 curn
771 1956 940 2043 sanguine
958 1957 1121 2042 gaudent.

186 2071 195 2101 ‘
213 2060 291 2125 Heu
309 2072 472 2146 quantum
490 2063 602 2126 scelus
619 2072 670 2126 est
684 2062 718 2125 in
737 2063 869 2128 viscera
886 2063 1018 2128 viscera
1036 2063 1151 2139 condi,

140 2178 371 2254 congestoque
389 2167 527 2231 avidum
544 2168 772 2255 pinguescere
789 2190 931 2254 corpore
949 2191 1087 2255 corpus,

140 2274 346 2360 alteriusque
364 2275 571 2338 animantem
590 2275 772 2340 animantis
788 2276 903 2340 vivere
920 2275 1008 2340 leto!
1155 2307 1192 2363 90

186 2381 351 2447 ‘Scilicet
367 2381 405 2446 in¹
418 2381 519 2446 tantis
537 2382 672 2467 opibus,
692 2403 776 2468 quas
793 2382 922 2467 optima
940 2394 1087 2447 matrum

138 2490 248 2555 Terra
265 2490 365 2575 parit,
385 2489 432 2553 nil
449 2501 481 2553 te
498 2489 563 2554 nisi
579 2488 685 2554 tristia
703 2490 866 2557 mandere
883 2510 987 2555 saevo

138 2598 282 2661 vulnera
298 2598 398 2661 dente
412 2597 521 2683 juvat,
540 2596 711 2682 rictusque
728 2597 855 2660 referre
872 2594 1091 2682 Cyclopum?

139 2726 216 2779 nec,
235 2704 299 2769 nisi
317 2704 505 2789 perdideris
524 2703 643 2778 alium,
662 2704 801 2788 placare
817 2702 952 2767 voracis

139 2822 173 2877 et
189 2812 278 2876 male
296 2811 416 2875 morati
433 2811 558 2896 poteris
572 2810 703 2899 jejunia
720 2807 870 2874 ventris?
1158 2841 1192 2900 93

186 2918 257 2983 ‘At
273 2929 369 2984 vetus
386 2918 445 2982 illa
462 2929 569 2994 aetas,
589 2918 643 2982 cui
660 2916 804 2981 fecimus
820 2937 930 2980 aurea
947 2936 1087 2993 nomen,

139 3026 262 3092 fetibus
279 3027 429 3092 arboreis
448 3037 480 3090 et
496 3047 582 3112 quas
599 3027 724 3089 humus
741 3025 864 3089 educat
880 3024 995 3089 herbis

140 3134 309 3197 fortunata
326 3133 400 3208 fuit,
419 3154 484 3197 nec
500 3132 620 3217 polluit
636 3153 696 3196 ora
713 3152 843 3197 cruore.

139 3250 220 3304 tunc
236 3251 269 3304 et
286 3262 366 3305 aves
382 3252 474 3304 tutae
493 3260 629 3304 movere
646 3261 708 3324 per
724 3244 804 3302 aera
822 3258 967 3323 pennaS,

141 3359 172 3410 et
188 3348 285 3431 lepus
303 3346 484 3432 inpavidus
502 3346 622 3411 mediis
640 3346 765 3410 erravit
780 3346 815 3408 in
832 3345 959 3420 herbis,
1145 3377 1193 3416 100

141 3475 205 3516 nec
222 3475 283 3516 sua
301 3440 484 3517 credulitas
502 3453 631 3538 piscem
650 3453 874 3536 suspenderat
891 3453 1015 3525 ham03

141 3572 263 3624 cuncta
280 3559 352 3623 sine
369 3559 500 3624 insidiis
518 3561 714 3645 nullamque
731 3559 884 3623 timentia
900 3558 1056 3622 fraudem

140 3667 310 3751 plenaque
327 3666 421 3749 pacis
439 3677 547 3730 erant.
596 3665 780 3750 Postquam
799 3687 867 3729 non
884 3664 975 3729 utilis
993 3674 1114 3731 auctor

140 3773 284 3837 victibus
300 3771 432 3847 invidit,
451 3771 605 3857 quisquis
621 3772 683 3836 fuit
698 3772 767 3846 ille,
786 3771 951 3856 priorum,

142 3898 391 3966 corporeasque
408 3878 515 3964 dapes
533 3878 669 3942 avidam
685 3877 847 3943 demersit
861 3877 898 3942 in
914 3877 1045 3955 alvum,
1141 3906 1196 3979 ις»
