2476 4148
98 173 281 246 V111.676.]
363 155 470 224 Their
491 155 644 223 Hurnble
667 154 898 242 Hospz'tality.

99 375 168 440 quo
185 352 406 441 superinjecit
422 362 550 418 textum
568 352 652 417 rude
669 351 788 416 sedula
805 349 944 426 Baucis,

99 459 180 524 inde
197 459 274 524 foco
290 458 443 543 tepidum
460 458 611 524 cinerem
628 458 782 532 dimovit,
801 467 834 521 et
849 457 949 544 ignes

101 565 242 632 suscitat
257 566 447 640 hesternos,
466 565 624 651 foliisque
641 574 673 629 et
689 563 813 629 cortice
831 563 922 629 sicco

100 675 216 749 nutrit,
235 684 268 739 et
283 674 327 739 ad
343 672 502 738 flammas
519 674 633 737 anima
651 672 806 758 producit
822 671 918 749 anili,

101 780 355 866 multifidasque
371 778 465 844 faces
483 779 694 864 ramaliaque
712 776 807 842 arida
824 787 913 843 tecto

101 886 233 962 detulit,
251 896 285 951 et
301 885 433 959 minuit,
452 905 627 970 parvoque
644 882 793 947 admovit
809 887 909 948 aeno.

101 992 261 1080 quodque
278 1013 359 1057 suus
376 990 526 1077 conjunx
543 990 642 1076 riguo
659 988 845 1075 collegerat
861 989 971 1064 horto,
1051 999 1053 1003 '

101 1107 239 1161 truncat
254 1098 329 1162 olus
344 1097 446 1162 soliis.
495 1096 609 1160 Furca
625 1097 716 1158 levat
731 1094 788 1158 ille
806 1094 936 1159 bicorni

102 1203 243 1268 sordida
259 1214 357 1289 terga
374 1203 444 1282 suis
459 1202 560 1290 nigro
577 1200 761 1286 pendentia
779 1201 896 1288 tigno;

103 1320 306 1395 servatoque
323 1309 381 1374 diu
398 1321 530 1374 resecat
547 1309 589 1372 de
606 1319 742 1392 tergore
760 1318 890 1392 partem

102 1411 281 1498 exiguam,
300 1420 496 1497 sectamque
512 1411 629 1475 domat
644 1408 853 1472 serventibus
869 1408 983 1474 undis.

149 1517 285 1581 Interea
302 1516 434 1581 medias
450 1517 572 1580 fallunt
588 1514 803 1580 sermonibus
820 1515 935 1589 horas,

103 1622 370 1709 concutiuntque
386 1632 498 1688 torum
515 1622 557 1687 de
575 1621 669 1686 molli
686 1619 837 1684 fluminis
854 1621 934 1695 ulva

102 1727 300 1813 impositum
318 1728 419 1803 lecto,
437 1729 569 1814 sponda
587 1727 800 1814 pedibusque
817 1727 972 1814 salignis.
1076 1779 1079 1785 .

103 1835 256 1900 vestibus
273 1835 365 1900 hunc
381 1835 509 1909 velant,
527 1855 613 1921 quas
631 1856 698 1900 non
717 1833 780 1898 nisi
798 1845 951 1918 ternpore
968 1832 1053 1899 festo

104 1951 255 2005 sternere
272 1953 498 2014 consuerant;
524 1941 584 2005 sed
601 1952 634 2005 et
651 1942 737 2005 haec
753 1940 897 2025 vilisque
915 1952 1079 2026 vetusque

103 2047 207 2111 vestis
223 2057 307 2121 erat,
326 2048 413 2112 lecto
430 2068 498 2112 non
515 2047 730 2134 indignanda
746 2048 894 2132 saligno.

148 2151 354 2217 Accubuere
372 2153 439 2217 dei.
488 2153 650 2219 Mensam
667 2153 841 2218 succincta
857 2164 1073 2239 tremensque
1102 2169 1155 2224 660

104 2258 200 2345 ponit
215 2278 323 2325 anus:
349 2280 488 2324 mensae
505 2260 566 2324 sed
583 2270 656 2324 erat
672 2281 733 2343 pes
749 2258 865 2324 tertius
882 2259 1013 2341 impar:

103 2376 189 2431 testa
205 2386 324 2450 parem
341 2365 431 2430 fecit.
482 2363 583 2448 Quae
600 2377 780 2451 postquam
799 2365 932 2428 subdita
949 2362 1077 2426 clivum

105 2472 251 2546 sustulit,
272 2483 453 2557 aequatam
471 2449 605 2536 mentae
623 2482 749 2535 tersere
767 2470 927 2534 virentes.
1063 2452 1066 2459 ¹

105 2577 240 2662 ponitur
256 2577 312 2641 hic
328 2576 458 2642 bicolor
474 2577 628 2642 sincerae
645 2578 733 2642 baca
749 2575 952 2648 Minervae3

104 2682 309 2768 conditaque
326 2682 360 2746 in
378 2682 506 2768 liquida
524 2705 629 2749 corna
646 2682 857 2747 autumnalia
874 2681 992 2756 saece3
1102 2697 1153 2766 665

104 2788 292 2875 intibaque,
310 2798 343 2853 et
358 2788 470 2863 radix,
490 2800 522 2854 et
538 2790 636 2854 lactis
653 2810 766 2853 massa
783 2787 905 2861 coacti,

103 2914 237 2980 ovaque
255 2916 322 2960 non
340 2895 409 2959 acri
427 2895 547 2960 leviter
562 2907 696 2960 versata
713 2896 843 2968 favilla,
854 2932 899 2943 —

104 3001 219 3065 omnia
236 3000 407 3066 fictilibus.
456 3001 538 3067 Post
554 3002 641 3065 haec
657 3002 808 3065 caelatus
826 3000 946 3064 eodem

104 3106 231 3172 sistitur
248 3118 390 3193 argento
408 3119 530 3183 crater,
548 3107 781 3192 fabricataque
798 3106 880 3191 fago

105 3213 241 3299 pocula,
260 3235 328 3299 qua
344 3235 431 3278 cava
447 3225 537 3287 sunt,
557 3213 760 3277 flaventibus
776 3212 860 3276 illita
877 3211 976 3275 ceris.
1102 3226 1155 3293 ⁶70

149 3319 262 3383 Parva
280 3341 375 3385 mora
392 3331 454 3396 est,
474 3320 661 3404 epulasque
678 3318 744 3382 foci
763 3319 885 3381 misere
901 3317 1067 3390 calenteS,

106 3446 169 3490 nec
186 3426 312 3514 longae
329 3447 446 3490 rursus
463 3426 655 3489 referuntur
671 3424 751 3487 vina
768 3434 940 3495 senectae,

105 3533 254 3618 dantque
271 3533 385 3597 locum
403 3531 530 3596 mensis
548 3531 686 3614 paulum
705 3530 845 3594 seducta
863 3526 1034 3591 secundis.

106 3639 161 3703 hic
177 3661 261 3713 nux,
281 3639 337 3702 hic
354 3638 460 3701 mixta
478 3648 528 3701 est
544 3636 679 3722 rugosis
697 3636 809 3699 carica
827 3633 964 3717 palmis,

105 3765 296 3831 prunaque,
315 3754 349 3808 et
364 3742 399 3806 in
417 3743 541 3828 patulis
557 3741 744 3805 redolentia
763 3740 853 3802 mala
870 3737 1038 3810 canistris,
1102 3754 1154 3823 675

105 3853 197 3920 etde
213 3849 394 3938 purpureis
411 3849 574 3913 collectae
591 3847 714 3912 vitibus
731 3865 830 3909 uvae.
