2476 4148
94 100 139 172 24
295 102 335 147 11.
375 83 446 150 rra
468 83 673 150 Adventare
695 79 949 167 asponam·
999 65 1146 177 [imm

94 279 251 368 quamvis
266 281 384 346 tardus
400 301 489 356 eras,
509 292 542 345 et
556 291 589 345 te
605 289 664 344 tua
680 279 832 363 plaustra
842 276 1024 343 tenebant.

139 387 187 451 Ut
202 408 284 452 vero
301 408 435 452 summo
451 385 608 471 despexit
624 386 668 451 ab
685 385 823 457 aethere
834 393 947 463 ‘terras

94 492 214 557 infelix
231 491 422 568 Phaethon,
441 493 576 578 penitus
593 491 795 576 penitusque
808 489 977 577 jacentes,

94 599 227 684 palluit,
246 610 279 663 et
266 599 404 664 tsubito
421 619 536 686 genua
552 598 757 667 intremuere
772 595 905 671 timore,
1097 611 1152 677 180.

95 715 173 768 sunt
174 725 240 790 que
255 703 364 769 oculis
380 705 541 770 tenebrae
557 725 620 788 per
635 713 766 773 tantum
781 701 901 777 lumen
915 699 1071 785 obortae.

94 820 128 874 et
140 809 212 897 jam
228 810 345 875 mallet
361 831 467 896 equos
484 830 672 896 numquam
687 807 840 894 tetigisse
856 816 1038 892 paternos;

91 915 163 1003 jam
181 937 349 1003 cognosse
365 937 476 1002 genus
492 917 599 1002 piget,
617 926 650 983 et
666 915 815 979 valuisse
827 898 1007 1000 rogando-r

90 1021 163 1109 jam
181 1021 334 1107 Meropis
351 1022 417 1088 dici
434 1023 589 1107 cupiens,
607 1021 654 1086 ita
667 1020 787 1096 fertur,
805 1029 842 1086 ut
852 1030 934 1097 ¹acta

94 1126 273 1212 praecipiti
297 1128 397 1214 pinus
414 1128 604 1202 borea‚.cui
621 1126 710 1199 victa
728 1125 856 1201 remisit

95 1232 192 1297 frena
208 1255 289 1298 suus
306 1245 427 1310 rector,
445 1255 549 1320 quam
566 1233 619 1301 dis
634 1232 788 1318 votisque
804 1231 951 1318 reliquit.

141 1338 237 1425 Quid
254 1339 377 1405 faciat?
400 1342 543 1407 multum
561 1339 647 1411 caeli
664 1351 739 1424 post
754 1349 852 1425 terga
868 1338 1038 1418 relictum,
1147 1364 1152 1371 ·

95 1426 174 1510 ante
190 1447 308 1512 oculos
325 1448 402 1532 plus
418 1459 488 1512 est:
514 1447 629 1513 animo
646 1446 781 1513 metitur
796 1432 990 1532 utrumque.

95 1564 129 1618 et
144 1555 246 1619 modo
262 1574 348 1639 quos
364 1553 412 1617 illi
429 1556 535 1619 satum
552 1553 752 1639 contingere
769 1573 837 1625 non
854 1561 917 1628 est,

95 1659 258 1743 prospicit
273 1680 428 1734 occasus,
447 1659 617 1727 interdum
632 1658 770 1743 respicit
785 1669 890 1733 ortus.
1089 1690 1148 1747 ,190

95 1765 245 1850 quidque
262 1776 356 1851 agat,
374 1765 516 1851 ignarus
532 1776 656 1849 stupet,
672 1775 708 1830 et
723 1785 788 1829 nec
804 1764 900 1835 frena
917 1763 1067 1842 remittit,

95 1890 161 1933 nec
177 1870 321 1934 retinere
338 1872 441 1946 valet,
459 1891 523 1936 nec
540 1871 680 1937 nomina
697 1871 790 1937 novit
806 1891 984 1956 equorum.

95 1997 216 2061 sparsa
232 1998 368 2063 quoque
384 1976 419 2040 in
435 1977 530 2041 vario
546 1978 674 2062 passim
693 1978 858 2043 miracula
875 1978 972 2054 caelo

94 2091 337 2167 vastarumque
352 2081 445 2147 videt
461 2082 612 2168 trepidus
628 2083 812 2148 simulacra
829 2083 991 2161 ferarum.

141 2185 203 2252 Est
218 2187 327 2262 locus,
345 2186 381 2250 in
398 2187 555 2273 geminos
572 2187 630 2252 ubi
646 2186 789 2253 brachia
807 2196 974 2252 concavat
989 2206 1094 2269 arcus

96 2291 323 2379 ScorpioS,.et
339 2293 450 2359 cauda
466 2293 633 2381 flexisque
649 2293 819 2378 utrimque
835 2293 972 2369 lacertis

96 2402 238 2490 porrigit
254 2404 288 2466 in
305 2403 451 2488 spatium
469 2403 645 2489 signorum
662 2403 815 2466 membra
832 2403 988 2467 duorum.

96 2508 189 2572 hunc
205 2530 290 2593 puer
305 2520 342 2573 ut
357 2509 447 2595 nigri
464 2510 639 2575 madidum
656 2509 779 2574 sudore
796 2508 921 2577 veneni

95 2613 239 2679 vulnera
257 2625 396 2678 curvata
414 2614 626 2679 minitantem
645 2614 786 2699 cuspide
802 2614 897 2690 vidit,

96 2720 219 2784 mentis
235 2719 334 2804 inops
351 2721 466 2806 gelida
483 2720 663 2786 formidine
679 2708 753 2786 lora
768 2721 910 2786 remisit.
1094 2754 1150 2797 200

96 2846 183 2913 quae
200 2838 379 2913 postquam
394 2849 531 2892 summo
547 2827 689 2915 tetigere
702 2827 852 2915 jacentia
867 2839 978 2914 terg0,

96 2931 331 3016 exspatiantur
347 2931 437 3017 equi,
456 2933 617 3019 nulloque
634 2933 888 3018 inhibenteper
903 2954 1006 2999 auras

95 3036 235 3124 ignotae
251 3039 400 3126 regionis
418 3049 510 3113 eunt,
528 3060 664 3126 quaque
680 3039 827 3125 impetus
844 3039 925 3127 egit,

97 3145 163 3209 hac
180 3146 252 3210 sine
269 3147 347 3233 lege
364 3157 484 3221 ruunt3
511 3147 646 3232 altoque
663 3147 726 3212 sub
743 3147 880 3215 aethe-re
896 3146 975 3211 fixis

96 3249 271 3316 incursant
287 3253 405 3327 stellis,
424 3251 628 3338 rapiuntque
645 3273 706 3337 per
723 3252 800 3317 avia
816 3274 966 3327 currum.
1089 3284 1146 3341 „205

97 3367 130 3422 et
146 3359 247 3423 modo
263 3380 397 3423 summa
413 3368 543 3443 petunt,
563 3359 663 3437 modo
680 3380 741 3443 per
756 3359 889 3424 declive
904 3359 1047 3446 viasque

97 3465 300 3550 praecipites
317 3464 426 3550 spatio
442 3475 551 3529 terrae
568 3465 726 3550 propiore
743 3465 907 3537 feruntur.

96 3569 304 3657 inferiusque
321 3571 391 3636 suis
407 3570 573 3636 fraternos
590 3593 727 3637 currere
744 3571 846 3637 Luna

98 3677 283 3743 admiratur
299 3700 417 3764 equos
437 3678 661 3764 ambustaque
678 3678 794 3743 nubila
811 3679 955 3745 fumant.

143 3783 332 3872 Corripitur
348 3783 495 3850 fimnmis
512 3794 548 3849 ut
564 3805 721 3872 quaeque
738 3784 915 3863 altissima,
933 3785 1047 3863 tellus,
1096 3819 1150 3863 210
