2476 4148
82 165 174 223 x111.
188 164 262 238 855]
378 145 822 236 .Son‘gofP01ypbemus.
1069 165 1134 232 133

83 344 214 412 arbutei
230 345 339 411 setus:
363 340 474 410 omnis
490 343 550 409 tibi
566 342 691 409 serviet
706 344 822 408 arbos.
1083 358 1135 414 820

130 454 235 520 ‘Hoc
258 475 364 540 pecus
388 461 489 518 omne
512 473 625 517 meum
643 463 715 516 est:
740 452 870 517 multae
883 459 1020 537 quoque
1036 450 1132 515 valli-

217 560 282 625 bus
299 569 424 634 errant,

83 668 207 732 multas
224 666 311 731 silva
327 665 427 752 tegit,
445 665 573 728 multae
589 665 803 729 stabulantur
818 663 853 728 in
871 663 997 750 antris;

82 795 160 849 nec,
179 772 206 838 si
223 773 308 837 sorte
324 776 440 857 rog'es,
459 771 588 855 possim
604 771 663 835 tibi
680 770 795 835 dicere
812 781 894 855 quot
911 770 997 836 sint:

81 877 243 966 pauperis
259 883 310 942 e'st
325 883 506 941 numerare
523 897 640 961 pecus.
690 875 745 939 De
760 875 920 944 laudibus
938 879 1059 943 harum

82 986 130 1050 nil
148 983 230 1049 mihi
247 982 453 1048 credideriut
478 1002 642 1068 praesens
659 992 754 1065 potes
770 981 993 1067 ipsavidere,
1080 1004 1131 1070 825

82 1102 119 1156 ut
133 1090 419 1156 vix'circumeaht
435 1088 619 1153 distentum
636 1086 793 1155 cruribus
809 1091 905 1154 uber.

82 1206 173 1273 sunt,
191 1195 300 1261 fetura
317 1195 440 1269 minor,
458 1194 581 1278 tepidis
597 1193 632 1257 in
649 1194 796 1260 ovilibus
812 1196 918 1285 agni,

82 1313 161 1368 sunt
175 1312 325 1389 quoque,
343 1310 406 1386 par
422 1311 530 1373 aetas,
549 1299 624 1364 aliis
640 1299 675 1363 in
692 1301 838 1366 ovilibus
856 1303 972 1369 haedi.

81 1410 137 1474 lac
154 1409 236 1474 mihi
253 1429 389 1493 semper
405 1407 502 1475 adest
517 1405 678 1472 niveum:
704 1429 783 1492 pars
800 1409 879 1473 inde
895 1409 1044 1474 bibenda

82 1526 249 1590 servatur,
267 1526 398 1600 partem
415 1512 599 1598 liquefacta
616 1514 764 1599 coagula
781 1515 914 1579 durant.
1020 1580 1022 1584 ,
1079 1532 1132 1598 830

128 1620 230 1686 ‘Nec
246 1620 305 1685 tibi
321 1619 465 1688 deliciae
482 1617 613 1692 faciles,
632 1620 840 1707 vulgataque
856 1632 986 1685 tanturn

82 1749 225 1792 munera
242 1726 453 1812 contingent,
472 1725 646 1799 dammae,
664 1727 879 1812 leporesque,
899 1740 1083 1813 caperque,

81 1854 187 1919 parve
204 1833 452 1906 columbarum,
471 1831 672 1916 demptusve
689 1835 867 1898 cacumine
886 1834 998 1900 nidus.

80 1939 196 2004 inveni
214 1939 383 2027 geminos,
400 1938 460 2025 qui
475 1949 589 2002 tecum
607 1940 726 2005 ludere
743 1940 887 2025 possint,

80 2045 221 2112 interae
237 2045 378 2120 similes,
396 2045 455 2109 vix
472 2056 508 2108 ut
524 2045 727 2131 dignoscere
744 2047 868 2132 possis,
1080 2066 1131 2134 833

26 2209 31 2216 .
81 2151 223 2217 villosae
239 2152 370 2217 catulos
386 2151 420 2214 in
437 2151 580 2216 summis
598 2153 767 2217 montibus
784 2174 906 2230 ursae3

81 2257 210 2332 inveni,
229 2268 261 2322 et
277 2257 349 2322 dixi
364 2256 541 2322 Dominae
555 2259 768 2322 servabimus
785 2261 877 2324 astos·

77 2362 150 2453 jam
168 2364 270 2429 modo
286 2364 446 2428 caeruleo
462 2362 604 2427 nitidum
623 2375 725 2449 caput
741 2387 863 2433 exsere
880 2377 997 2453 po'nt0‚

77 2469 165 2559 jam,
184 2468 342 2546 Galatea,
359 2470 452 2543 veni,
470 2489 535 2534 nec
552 2491 693 2535 munera
710 2470 849 2556 despice
867 2484 1002 2539 nostra.¹

128 2587 137 2616 ⁴
154 2575 255 2642 Certe
272 2597 338 2663 ego
355 2597 409 2640 me
427 2576 518 2651 novi,
534 2575 752 2662 liquidaeque
768 2578 804 2642 in
821 2577 974 2666 imagine
990 2579 1060 2644 vidi
1080 2597 1133 2663 840

20 2675 24 2682 ’
82 2703 192 2767 nuper
208 2703 335 2769 aquae:
352 2682 546 2769 placuitque
564 2683 648 2747 mihi·
664 2705 741 2748 mea
758 2684 867 2749 forma
884 2685 1024 2750 videnti.

82 2790 212 2875 aspice,
231 2790 294 2855 sim
312 2801 480 2876 quantus:
506 2809 574 2855 non
592 2800 642 2856 est
659 2791 724 2854 hoc
741 2810 883 2874 corpore
900 2790 1009 2879 major
1032 2831 1048 2838 *-

77 2894 235 2981 Juppiter
250 2896 285 2960 in
302 2897 456 2971 caelo-
469 2918 549 2961 nam
565 2918 627 2962 vos
644 2916 782 2961 narrare
799 2897 915 2964 soletis

81 3004 317 3088 nescioquem
334 3022 480 3088 regnare
492 3003 627 3087 Jovem.
678 3001 787 3068 Coma
805 3004 951 3087 plurima
968 3015 1081 3069 torvos

81 3108 252 3192 prominet
266 3107 301 3172 in
318 3109 443 3186 vultus,
462 3110 703 3195 humerosque,
723 3119 759 3172 ut
774 3109 884 3185 lucus,
903 3111 1095 3176 obumbrat.

82 3233 147 3277 nec
164 3213 247 3277 mihi
263 3215 354 3298 quod
371 3212 490 3300 rigidis
507 3215 645 3280 horrent
661 3215 863 3280 densissima
881 3216 982 3281 saetis

82 3339 239 3404 corpora,
258 3330 355 3404 turpe
372 3331 465 3404 puta.
513 3320 641 3406 Turpis
658 3321 732 3386 sine
750 3320 927 3387 frondibus
945 3323 1066 3398 arbor3

81 3425 190 3509 turpis
206 3446 327 3510 equus,
346 3426 410 3489 nisi
428 3426 516 3489 colla
529 3426 636 3513 jubae,
650 3426 810 3491 flaventia
828 3430 964 3503 velent;

82 3530 190 3594 barba
207 3531 297 3595 viros
314 3532 489 3617 hirtaeque
507 3532 629 3596 decent
645 3533 679 3596 in
697 3553 839 3618 corpore
857 3546 985 3600 saetae.
1082 3554 1135 3621 850

81 3658 190 3702 unum
207 3649 258 3701 est
274 3637 309 3701 in
326 3637 438 3701 media
455 3638 570 3701 lumen
588 3638 671 3702 mihi
689 3639 810 3716 sronte,
830 3643 891 3706 sed
908 3642 1014 3707 instar

82 3742 232 3831 ingentis
248 3743 363 3828 clipei.
412 3741 530 3827 Quid?
555 3765 623 3808 non
641 3745 859 3811 haecomnia
876 3768 1006 3835 magno

84 3850 136 3914 sol
151 3848 243 3915 videt
259 3870 278 3914 e
295 3847 413 3915 caelo?
437 3849 500 3915 soli
515 3861 631 3924 tamen
647 3849 768 3918 unicus
784 3852 888 3919 orbis.
