2476 4148
9 128 11 133 Ι
103 149 148 218 86
401 150 472 217 Tae
500 149 716 238 Calydonz'an
741 150 857 217 Hunt.
1013 168 1157 241 [Marsa.

103 348 139 412 in
155 347 267 413 scelus
285 346 481 412 addendum
498 347 610 413 scelus
626 357 688 423 est,
708 347 743 412 in
759 347 879 412 funera
895 345 1020 422 funus3

104 476 165 547 per
181 463 401 518 coacervatos
418 465 536 537 pereat
552 454 673 518 domus
690 453 796 538 impia
814 455 937 518 luctus
1103 473 1158 538 485

7 627 11 636 ,
104 582 148 624 an
165 560 247 624 felix
264 559 404 623 Oeneus
421 568 500 623 nato
516 559 644 622 victore
660 558 801 632 fruetur,

103 666 265 730 Thestius
281 666 384 730 orbus
403 661 487 727 erit?
534 663 662 728 Melius
679 663 839 751 lugebitis
857 665 972 730 ambo.

102 794 164 837 vos
181 774 295 847 modo,
314 770 453 835 fraterni
471 790 604 846 manes,
624 770 827 856 animaeque
844 783 1013 848 recentes,
1106 835 1109 840 .

104 879 251 943 officium
269 877 388 942 sentite
405 896 532 950 meum,
553 896 749 962 magnoque
765 887 902 961 paratas

105 984 247 1069 accipite
264 983 414 1059 inferias,
433 981 518 1046 uteri
537 980 626 1044 mala
644 981 790 1068 pignora
806 981 923 1046 nostri.
1102 1012 1157 1071 490

151 1090 215 1154 ‘Ei
232 1089 336 1154 mihil
361 1111 428 1176 quo
445 1085 580 1172 rapior?
604 1087 725 1152 fratres
741 1086 908 1175 ignoscite
925 1086 1046 1154 matril

104 1196 265 1260 deficiunt
281 1196 325 1260 ad
342 1204 461 1279 coepta
479 1213 613 1257 manus.
663 1191 835 1258 Meruisse
852 1193 999 1259 fatemur

103 1302 212 1377 illum,
231 1323 292 1366 cur
308 1311 445 1387 pereat:
471 1299 586 1364 mortis
604 1297 686 1362 mibi
703 1298 861 1384 displicet
877 1311 1006 1365 auctor.

104 1429 187 1495 ergo
204 1408 343 1494 impune
360 1408 455 1482 seret,
474 1406 639 1492 vivusque
655 1414 689 1469 et
704 1405 811 1470 vietor
827 1416 861 1470 et
875 1406 951 1491 ipso

104 1535 264 1579 successu
280 1514 429 1578 tumidus
445 1534 591 1601 regnum
607 1511 798 1598 Calydonis
815 1510 976 1577 habebit?
1059 1550 1061 1555 ·
1100 1543 1153 1603 493

103 1642 164 1686 vos
181 1621 265 1686 cinis
281 1621 428 1709 exiguus
445 1620 649 1708 gelidaeque
662 1610 819 1706 jacebitis
836 1617 1003 1683 umbrae?

103 1727 196 1792 haud
213 1728 371 1813 equidem
388 1728 509 1813 patiar.
558 1725 681 1791 Pereat
697 1724 897 1799 sceleratus,
917 1736 950 1789 et
965 1725 1024 1790 ille

103 1855 266 1919 spemque
284 1834 387 1918 patris
403 1833 570 1920 regnique
585 1833 697 1896 trahat
713 1831 912 1917 patriaeque
928 1832 1077 1897 ruinam.
1132 1836 1135 1841 ’

102 1961 199 2004 mens
215 1938 272 2003 ubi
290 1936 443 2003 materna
460 1937 532 2002 est?
556 1938 613 2003 ubi
630 1949 708 2004 sunt
724 1939 780 2023 pia
794 1937 872 2026 jura
889 1936 1094 2022 parentum?

102 2054 135 2109 et
150 2067 235 2131 quos
252 2044 395 2109 sustinui
410 2045 463 2109 bis
479 2066 635 2109 mensum
652 2045 802 2132 quinque
819 2043 977 2110 labores?
1100 2076 1154 2132 500

102 2146 135 2211 O
151 2147 279 2211 utinam
296 2147 414 2232 primis
431 2147 572 2212 arsisses
588 2147 726 2234 ignibus
743 2147 869 2223 infans

101 2253 203 2340 idque
220 2274 286 2340 ego
303 2274 405 2339 passa
422 2252 551 2319 sorem!
598 2253 722 2318 Vixisti
741 2274 883 2320 munere
900 2267 1037 2323 nostros

100 2381 194 2424 nunc
209 2360 327 2425 merito
345 2360 489 2425 moriere
505 2370 575 2425 tuo.
625 2359 722 2445 Cape
740 2362 892 2445 praemia
909 2361 1003 2441 facti,

7 2472 10 2477 ’
99 2465 219 2552 bisque
236 2466 364 2542 datam,
383 2465 531 2551 primum
547 2477 659 2551 partu,
679 2488 759 2531 mox
776 2469 888 2554 stipite
904 2481 1015 2556 rapt0‚
1117 2449 1122 2458 Ι

99 2572 205 2636 redde
222 2571 385 2648 animam,
403 2574 458 2637 vel
475 2593 530 2637 me
546 2572 703 2639 fraternis
721 2576 810 2639 adde
827 2577 1005 2662 sepulcris.
1098 2610 1149 2664 505

146 2677 213 2742 ‘Et
237 2678 350 2762 cupio,
380 2688 414 2743 et
441 2699 596 2764 nequeo:
620 2663 703 2767 quid
727 2681 854 2768 agam?
879 2684 982 2749 modo
1004 2683 1151 2750 vulnera

233 2784 375 2848 fratrum

101 2900 177 2955 ante
194 2891 310 2956 oculos
327 2890 410 2954 mihi
427 2901 517 2966 sunt,
535 2901 569 2957 et
584 2901 699 2959 tantae
716 2895 832 2961 caedis
849 2895 986 2983 imago:

100 3018 192 3061 nunc
208 2997 358 3061 animum
376 2997 484 3082 pietas
501 3009 723 3087 maternaque
739 3002 879 3067 nomina
895 3003 1070 3090 frangunt.

100 3124 153 3167 me
171 3101 351 3167 miseram!
377 3105 466 3168 male
483 3104 639 3181 vincetis,
658 3107 718 3173 sed
734 3107 871 3183 vincite,
889 3108 1031 3173 fratresr

100 3209 283 3273 dummodo
299 3230 387 3294 quae
404 3211 531 3277 dedero
548 3213 645 3278 vobis
663 3214 803 3290 solacia,
821 3235 949 3301 vosque
1097 3243 1149 3301 510

37 3352 40 3357 ·
98 3314 172 3398 ipsa
189 3314 337 3401 sequar.’
384 3316 492 3400 Dixit,
513 3319 700 3405 dextraque
717 3340 838 3384 aversa
855 3319 1012 3385 trementi

98 3421 275 3485 funereum
293 3434 418 3488 torrem
436 3425 565 3490 medios
583 3425 728 3511 conjecit
743 3426 779 3489 in
795 3426 908 3514 ignes·

98 3537 157 3591 aut
172 3527 276 3603 dedit,
297 3541 354 3594 aut
369 3530 461 3595 visus
479 3531 626 3617 gemitus
644 3542 694 3595 est
710 3532 767 3595 ille
784 3533 921 3598 dedisse

97 3635 213 3719 stipes,
232 3648 270 3719 pt
285 3637 398 3702 invitis
416 3648 591 3720 correptus
609 3637 652 3700 ab
669 3637 807 3723 ignibus
825 3641 917 3703 arsit.

142 3742 274 3808 inscius
292 3756 392 3829 atque
410 3743 533 3806 absens
550 3743 689 3805 flamma
706 3742 905 3831 Meleagros
923 3747 966 3811 ab
983 3746 1041 3812 illa
1095 3778 1144 3838 515

95 3850 214 3927 uritur,
233 3861 266 3916 et
281 3849 393 3916 caecis
410 3849 528 3914 torreri
544 3848 678 3914 viscera
695 3849 794 3923 sentit
876 3910 879 3914 .
