2476 4148
92 168 117 229 1.
145 165 221 238 283]
381 144 582 231 Garberag
601 146 649 231 <ff
660 144 888 214 thieWatcrs.
1042 198 1044 210 .
1103 163 1143 228 13

90 344 174 409 talia
190 351 404 430 quaerentes,
424 340 488 406 sibi
505 340 596 408 enim
612 341 686 411 sore
702 350 816 411 cetera
832 362 951 416 curae,
1091 370 1144 427 250

91 473 155 515 rex
171 472 333 534 superum
350 449 521 533 trepidare
537 459 640 522 vetat,
659 449 883 537 subolemque
900 446 1003 532 priori

93 557 294 626 dissimilem
312 555 438 640 populo
456 554 618 639 promittit
634 553 768 641 origine
785 555 885 622 mira.

133 663 281 748 Jamque
297 672 371 733 ,erat
385 660 420 724 in
437 672 522 732 totas
539 681 720 744 sparsurus
736 660 880 728 fulmina
896 671 1025 730 terras:

91 770 154 835 sed
171 768 294 843 timuit,
312 788 356 838 ne
373 767 457 838 forte
474 787 572 836 sacer
584 776 635 836 ‚tot
652 767 695 830 ab
710 765 851 856 ignibus
868 768 986 833 aether

92 874 289 960 conciperet
304 872 474 947 flammas,
492 873 686 957 longusque
703 872 898 941 ardesceret
914 872 1001 939 axis.

92 1001 169 1046 esse
185 1001 320 1067 quoque
336 979 374 1048 in
390 977 467 1048 satis
483 977 724 1051 reminiscitur,
743 979 860 1048 adfore
877 990 1025 1064 tempus,

91 1109 161 1174 quo
178 1107 285 1162 mare,
303 1106 372 1172 quo
387 1084 500 1158 tell-us,
520 1094 743 1170 correptaque
761 1085 858 1172 regia
875 1086 963 1152 caeli

92 1194 223 1268 ardeat,
242 1205 275 1265 et
292 1191 410 1264 mundi
426 1191 534 1257 moles
551 1211 696 1275 operosa
712 1192 855 1262 laboret.

90 1299 161 1365 tela
177 1308 386 1382 reponuntur
402 1297 560 1367 manibus
577 1297 742 1366 fabricata
759 1297 968 1384 Cyclopum.

137 1404 254 1469 Poena
272 1404 385 1488 placet
401 1403 550 1476 diversa,
569 1424 680 1489 genua
698 1405 839 1471 mortale
857 1406 920 1473 sub
937 1405 1038 1471 undis
1090 1421 1143 1475 260

92 1511 249 1606 perdere,
268 1521 301 1574 et
316 1531 360 1575 ex
376 1509 469 1583 omni
486 1509 620 1581 nimbos
637 1511 812 1578 demittere
830 1513 940 1583 caelo.

91 1618 245 1703 protinus
262 1615 394 1687 Aeoliis
411 1616 606 1702 aquilonem
623 1616 751 1686 claudit
767 1617 801 1682 in
819 1618 937 1694 antris,

92 1735 126 1789 et
141 1744 379 1810 quaecumque
396 1721 518 1810 sugant
533 1722 690 1794 inductas
707 1723 847 1792 flamina
864 1723 986 1800 nubes,
1008 1733 1023 1767 ²

92 1830 279 1917 emittitque
296 1828 438 1901 Notum.
488 1829 641 1901 Madidis
658 1830 769 1900 Notus
786 1833 899 1900 euolat
915 1832 991 1908 alis,

90 1935 276 2003 terribilem
294 1935 392 2020 picea
407 1946 515 2003 tectus
533 1937 681 2022 caligine
698 1938 850 2003 vultum:
875 1977 877 1982 ·

91 2043 199 2116 barba
216 2042 332 2130 gravis
348 2041 486 2118 nimbis,
505 2043 600 2111 canis
616 2043 690 2114 fluit
707 2045 798 2112 unda
815 2045 960 2130 capilliS,

91 2150 201 2214 fronte
218 2148 338 2214 sedent
354 2149 513 2223 nebulae,
531 2161 649 2219 rorant
663 2171 866 2236 pennaeque
883 2151 1077 2238 sinusque..
1139 2181 1142 2187 ·

90 2269 195 2342 utque
213 2276 317 2326 manu
333 2255 400 2327 late
418 2256 601 2340 pendentia
618 2256 736 2327 nubila
753 2258 886 2341 pressit,

90 2364 129 2428 fit
144 2363 273 2450 fragor,
291 2361 415 2432 inclusi
432 2362 618 2433 funduntur
631 2363 677 2434 ab
695 2365 832 2434 aethere
849 2362 968 2428 nimbi.

90 2469 211 2536 nuntia
223 2469 370 2556 Junonis
386 2468 499 2535 varios
515 2468 633 2540 induta
646 2469 781 2539 aolores

91 2576 240 2662 concipit
257 2575 320 2641 Iris
337 2596 457 2662 aquas,
476 2575 705 2662 alimentaque
722 2575 868 2644 nubibus
885 2575 1006 2647 adfert.
1057 2635 1060 2639 ,

92 2694 287 2748 sternuntur
304 2695 440 2770 segetes
456 2694 489 2755 et
504 2683 681 2767 deplorata
696 2683 829 2752 ,colonis

90 2800 170 2855 vota
183 2790 312 2878 jacent,
331 2789 494 2877 longique
510 2789 598 2874 perit
613 2789 711 2860 labor
727 2789 839 2857 irritus
856 2789 950 2856 anni.

137 2893 215 2961 Nec
231 2896 328 2985 caelo
345 2907 504 2969 contenta
520 2917 584 2967 suo
601 2906 651 2962 est
663 2895 760 2980 Jovis
776 2895 839 2970 ira,
858 2896 919 2961 sed
936 2896 1032 2961 illum

93 3002 273 3067 caeruleus
289 3002 392 3074 frater
404 3002 501 3090 juvat
517 3001 741 3074 auxiliaribus
758 3002 871 3071 undis.

93 3119 260 3174 convocat
275 3108 331 3180 hic
348 3129 489 3183 amnem
513 3109 571 3195 qui
589 3120 769 3194 postquam
785 3118 873 3178 tecta
890 3109 1027 3195 tyranni

92 3213 262 3280 intravere
279 3213 344 3292 sui,
364 3213 467 3280 ‘Non
485 3226 536 3288 est
552 3215 743 3286 hortamine
759 3215 865 3301 longo

92 3321 204 3386 nunc'
220 3321 266 3385 ait
283 3332 292 3360 ‘
307 3320 490 3396 utendum3
516 3323 605 3393 vires
623 3322 786 3389 effundite
803 3332 945 3397 vestras,

93 3423 143 3488 sic
158 3444 245 3507 opus
261 3433 331 3496 est3
357 3423 486 3508 aperite
503 3424 636 3500 domos,
656 3446 698 3497 ac
714 3426 802 3490 mole
820 3436 949 3496 remota

91 3527 289 3594 fluminibus
306 3529 426 3594 vestris
443 3540 529 3595 totas
546 3531 701 3602 inmittite
719 3531 894 3596 habenas?

132 3634 308 3721 Jusserat;
333 3635 368 3699 hi
385 3636 540 3712 redeunt,
560 3657 601 3711 ac
617 3637 765 3709 fontibus
781 3660 841 3702 ora
858 3639 1026 3716 relaxant,

92 3753 126 3806 et
142 3741 316 3807 defrenato
332 3742 514 3808 volvuntur
530 3743 565 3809 in
582 3765 731 3831 aequora
743 3766 860 3810 eursu.

91 3847 166 3934 ipse
183 3847 325 3919 tridente
340 3870 403 3913 suo
419 3859 544 3917 terram
561 3851 749 3936 percussit3
774 3863 809 3916 at
824 3851 883 3919 illa
