2476 4148
18 125 20 130 Ι
112 150 175 215 118
321 148 476 234 Rzaalry
499 150 547 235 qs
559 147 658 237 Asirx
681 149 755 214 and
783 147 930 236 (Hyssos.
1012 167 1158 235 [Mareu.

108 349 194 414 quas
211 348 277 416 ego
294 328 450 405 sustinui,
468 350 554 415 quas
571 328 638 392 hac
654 350 675 393 a
691 328 802 395 classe
818 328 950 416 fugavi.

107 436 210 501 tutius
227 446 277 501 est
293 435 396 522 igitur
412 436 497 501 fictis
515 436 722 500 contendere
738 436 865 512 verbis,
1177 506 1179 510 ,

108 564 211 628 quam
225 563 381 628 pugnare
396 563 512 605 manu.
562 541 633 607 Sed
646 563 712 608 nec
722 542 805 607 mihi
818 542 933 607 dicere
946 552 1157 629 promptum,

107 669 172 712 nec
189 649 302 712 facere
320 659 369 713 est
385 649 459 722 isti3
485 660 718 735 quantumque
735 670 801 736 ego
818 661 926 713 marte
944 649 1049 714 feroci

107 753 210 841 inque
228 755 302 819 acie
318 756 429 831 valeo,
448 766 579 820 tantum
595 756 687 820 valet
702 755 764 820 iste
781 757 963 843 loquendo

154 860 256 926 ‘Nec
272 863 495 927 memoranda
510 873 626 926 tamen
642 861 739 926 vobis
756 883 833 926 mea
849 862 952 938 sacta,
970 860 1127 950 Pelasgi,

107 983 182 1028 esse
199 986 289 1039 reor,
308 964 438 1029 vidistis
456 964 568 1028 enim:
593 985 655 1028 sua
671 975 785 1029 narret
802 964 937 1040 Ulixes

107 1091 196 1155 quae
214 1070 286 1135 sine
304 1081 386 1135 teste
403 1070 504 1157 gerit,
523 1091 668 1156 quorum
685 1092 754 1135 nox
771 1072 909 1137 conscia
926 1072 998 1137 sola
1015 1079 1078 1135 est.
1126 1102 1137 1140 1
1142 1100 1158 1156 ς

107 1177 261 1261 praemia
278 1198 406 1263 magna
423 1177 491 1262 peti
508 1178 627 1251 fateor,
646 1176 707 1240 sed
725 1176 830 1242 demit
846 1179 1013 1243 honorem

108 1283 284 1347 aemulus:
309 1282 409 1370 Ajaci
427 1305 495 1347 non
513 1295 563 1346 est
578 1283 729 1347 tenuisse
745 1285 944 1369 superbum,

108 1389 150 1453 sit
165 1390 244 1454 licet
261 1391 326 1454 hoc
342 1391 478 1477 ingens,
498 1389 660 1475 quicquid
677 1391 826 1474 speravit
842 1390 975 1457 Ulixes.

107 1495 169 1561 iste
185 1497 260 1560 tulit
274 1497 420 1582 pretium
433 1495 505 1583 jam
523 1516 615 1560 nunc
631 1495 826 1561 certaminis
843 1497 966 1583 hujus:

107 1625 270 1690 quocum
287 1603 395 1668 victus
413 1602 487 1677 erit,
507 1623 641 1666 mecum
659 1614 808 1668 certasse
824 1603 961 1668 feretur.
1125 1636 1162 1674 20

154 1719 162 1749 ⁶
179 1707 293 1796 Atque
310 1731 390 1796 ego,
408 1709 436 1773 si
453 1708 558 1773 virtus
575 1708 609 1772 in
628 1730 681 1774 me
698 1709 892 1775 dubitabilis
910 1718 1011 1787 esset,

107 1815 282 1879 nobilitate
299 1828 418 1899 potens
436 1835 561 1889 essem,
578 1814 769 1880 Telamone
787 1827 934 1890 creatus,

107 1921 243 1986 moenia
260 1922 317 2007 qui
334 1921 410 1986 sorti
427 1920 580 2008 Trojana
596 1923 660 1986 sub
678 1922 830 1987 Hercule
847 1923 949 2008 cepit,

77 2060 80 2065 ·
107 2027 273 2114 litoraque
290 2028 425 2092 intravit
441 2026 622 2114 Pagasaea
639 2027 772 2093 Colcha
790 2029 919 2094 carina.

107 2132 246 2198 Aeacus
264 2134 344 2198 huic
360 2145 456 2219 pater
473 2144 534 2208 est,
554 2135 611 2219 qui
629 2134 708 2222 jura
725 2136 901 2201 silentibus
918 2135 989 2201 illic
1126 2167 1159 2222 25

107 2241 230 2316 reddit,
248 2241 306 2305 ubi
324 2240 494 2306 Aeoliden
511 2262 631 2305 saxum
650 2263 757 2328 grave
774 2241 950 2328 Sisyphon
968 2251 1105 2328 urguet.

107 2347 251 2412 Aeacon
268 2347 424 2435 agnoseit
441 2370 607 2422 summus,
627 2350 826 2433 prolemque
844 2348 968 2412 fatetur

103 2454 261 2541 anpiter
277 2474 351 2518 esse
369 2476 479 2518 suam.
527 2453 588 2518 Sic
605 2455 647 2518 ab
659 2454 745 2539 Jove
763 2454 878 2520 tertius
894 2454 1000 2542 Ajax.

107 2581 172 2624 nec
188 2573 302 2623 tamen
320 2560 406 2623 haec
424 2559 531 2625 series
548 2560 582 2622 in
600 2581 740 2633 causam
757 2560 875 2645 prosit,
893 2559 1034 2636 Achivi,

108 2666 136 2731 si
153 2667 236 2730 mihi
253 2687 331 2730 cum
350 2688 477 2754 magno
494 2689 562 2731 non
580 2677 630 2731 est
646 2667 837 2732 communis
853 2666 1004 2732 Achille.
1125 2702 1160 2754 30

107 2773 210 2838 frater
227 2785 319 2838 erat:
344 2774 493 2837 fraterna
510 2785 600 2859 peto.
651 2772 746 2855 Qud
763 2774 933 2861 sanguine
950 2757 1063 2840 cretus

108 2878 285 2966 Sisyphio,
303 2879 466 2965 furtisque
484 2892 516 2944 et
532 2880 652 2945 fraude
670 2881 861 2946 simillimus
878 2880 942 2958 illi,

106 2987 224 3052 inserit
240 2985 403 3051 Aeacidis
421 2987 552 3051 alienae
571 2988 710 3053 nomina
728 2986 862 3075 gentis?

154 3093 232 3158 ‘An
250 3093 341 3179 quod
358 3093 393 3157 in
411 3114 505 3156 arma
521 3093 624 3178 prior,
643 3095 806 3180 nulloque
823 3095 886 3159 sub
902 3094 1016 3161 indice
1032 3095 1126 3172 veni,

107 3222 202 3264 arma
221 3201 382 3287 neganda
400 3199 504 3263 mihi?
528 3202 704 3287 potiorque
721 3200 891 3266 videbitur
908 3202 977 3278 ille,
1124 3232 1157 3290 35

106 3306 225 3371 ultima
242 3307 299 3392 qui
317 3305 418 3390 cepit,
438 3307 701 3392 detrectavitque
720 3311 834 3373 furore

106 3413 262 3476 militiam
279 3414 369 3486 ficto,
389 3414 498 3477 donec
515 3412 681 3478 sollertior
697 3413 773 3491 istc,

106 3519 168 3584 sed
184 3518 247 3583 sibi
264 3519 425 3595 inutilior,
442 3518 550 3583 timidi
567 3532 760 3586 commenta
775 3524 897 3589 retexit
982 3540 986 3549 '

106 3625 321 3711 Naupliades
340 3625 457 3700 animi,
475 3626 646 3712 vitataque
662 3628 766 3692 traxit
782 3629 816 3693 in
834 3629 953 3694 arma?

105 3734 233 3818 optima
249 3754 331 3797 num
349 3742 471 3805 sumat,
490 3732 569 3817 quia
585 3753 721 3819 sumere
738 3735 844 3799 noluit
859 3734 953 3800 ulla?
1122 3768 1158 3821 40

106 3862 168 3905 nos
184 3837 378 3906 inhonorati
395 3848 428 3902 et
443 3837 540 3902 donis
557 3839 768 3924 patruelibus
785 3841 870 3918 orbi,
