2476 4148
97 103 161 191 158
385 102 420 168 T
414 102 456 167 Ire
478 101 674 188 Foundz'ng
693 103 741 188 of
753 101 877 166 Rome.
1022 120 1144 192 [mn.

94 303 166 369 Vix
182 298 341 388 equidem
357 300 481 364 credo:
506 309 584 364 sunt
599 298 657 384 qui
675 297 892 363 Phadthonta
909 297 1030 364 referri

140 408 305 481 Credant,
325 417 358 470 et
374 405 497 469 nimias
515 404 738 469 Deucalionis
756 425 875 489 aquas.

94 513 180 579 Pars
196 534 343 600 quoque,
363 532 441 576 cum
459 512 552 576 saxis
569 522 721 596 pastores
739 532 824 574 saxa
841 510 1000 587 seribant‚
1097 541 1145 599 795

140 620 331 685 Scintillam
350 618 460 682 subito
477 618 674 702 prosiluisse
691 616 823 680 ferunt:

94 726 210 791 Prima
226 725 365 811 quidem
382 724 493 809 periit,
512 723 641 808 stipulis
659 733 803 806 excepta
821 723 974 788 secunda
990 734 1054 788 est.

139 831 218 896 Hoc
234 841 475 916 argumentum
492 829 631 893 flamma
648 828 772 894 Parilis
789 828 913 893 habet?

93 936 151 1001 An
170 937 280 1023 magis
297 937 389 1000 hunc
406 957 536 1000 morem
554 936 661 1018 pietas
678 932 812 998 Aeneia
830 936 921 1010 lecit,

139 1043 329 1107 lnnocuum
345 1042 435 1106 victo
452 1041 507 1104 cui
524 1041 615 1105 dedit
631 1041 722 1126 ignis
740 1039 823 1105 iter?
1097 1061 1148 1114 800

93 1148 187 1213 Num
205 1160 319 1213 tamen
337 1159 387 1212 est
403 1168 484 1212 vero
501 1146 652 1230 propius
672 1167 750 1211 curn
768 1147 905 1211 condita
921 1147 1036 1214 Roma
1053 1159 1116 1224 est,

138 1252 334 1318 Transferri
348 1253 460 1339 jussos
476 1252 511 1314 in
528 1272 616 1316 nova
633 1263 720 1315 tecta
738 1251 861 1327 Lares
1134 1235 1137 1242 ¹

94 1357 336 1443 Mutantesque
353 1358 492 1422 domum
508 1357 604 1421 tectis
621 1358 812 1444 agrestibus
829 1359 960 1446 ignem,

139 1465 184 1529 Et
200 1476 394 1530 cessaturae
412 1464 631 1549 supposuisse
649 1485 763 1540 casae,

93 1571 160 1636 Per
177 1571 333 1635 flammas
351 1571 493 1635 saluisse
511 1591 629 1656 pecus,
647 1572 791 1636 saluisse
809 1572 971 1639 colonos?
1096 1595 1147 1664 803

140 1676 245 1760 Quod
261 1678 297 1741 fit
314 1678 417 1741 natali
435 1699 526 1741 nunc
543 1698 692 1763 quoque,
710 1677 839 1753 Roma,
857 1691 927 1746 tuo.

94 1785 173 1871 Ipse
190 1784 285 1848 locus
301 1805 424 1848 causas
440 1783 508 1847 vati
525 1784 615 1847 facit.
666 1785 770 1849 Urbis
787 1786 884 1874 origo

138 1889 263 1956 Venit:
287 1893 370 1956 ades
386 1891 496 1967 factis,
515 1912 641 1979 magne
660 1891 819 1979 Quinc,
837 1893 925 1960 tuisl

341 2233 374 2280 2.
406 2213 478 2282 The
499 2215 695 2303 Foundr'ng
714 2218 762 2303 of
774 2217 897 2284 Rome.

92 2429 215 2576 JAM
231 2430 341 2495 luerat
357 2451 487 2516 poenas
503 2430 607 2495 frater
622 2429 826 2507 Numitoris
846 2444 878 2497 et
894 2454 995 2498 omne

184 2537 365 2603 Pastorum
383 2538 522 2625 gemino
538 2538 602 2601 sub
619 2538 706 2602 duce
722 2539 846 2625 volgus
863 2550 946 2604 erat.
1095 2560 1149 2613 810

93 2643 306 2710 Contrahere
323 2656 477 2731 agrestes
494 2654 528 2708 et
543 2645 679 2708 moenia
695 2666 823 2730 ponere
839 2646 973 2732 utrique

138 2750 328 2816 Convenitt
353 2750 550 2836 ambigitur,
570 2751 704 2814 moenia
723 2763 828 2835 ponat
842 2763 929 2816 uter.

94 2857 172 2922 ‘Nil
189 2879 274 2943 opus
291 2856 360 2921 est'
376 2856 462 2920 dixit
477 2856 702 2920 ‘certamine'
726 2857 898 2922 Romulus
913 2858 1022 2923 ‘ulloz

138 2963 271 3051 Magna
287 2964 373 3027 fides
391 2963 504 3026 avium
523 2974 592 3036 est3
619 2964 837 3046 experiamur
853 2965 961 3029 aves’

91 3067 165 3136 Res
182 3071 314 3156 placet:
340 3070 425 3134 alter
441 3069 511 3133 adit
526 3069 696 3132 nemorosi
713 3091 798 3133 saxa
815 3070 947 3151 Palati;
1092 3089 1143 3158 813

136 3176 234 3242 Alter
249 3175 459 3242 Aventinum
476 3197 578 3239 mane
594 3196 760 3240 cacumen
778 3175 847 3240 init.

92 3285 163 3351 Sex
180 3285 326 3360 RemuS,
345 3284 401 3346 hic
416 3283 573 3346 volucres
588 3282 640 3344 bis
657 3304 718 3345 sex
734 3282 827 3346 videt
842 3283 981 3356 ordine3
1006 3294 1107 3368 pacto

136 3391 264 3465 Statur,
284 3402 316 3454 et
332 3389 507 3454 arbitrium
524 3387 694 3452 Romulus
711 3389 804 3452 urbis
822 3390 935 3453 habet.

90 3497 182 3583 Apta
200 3497 273 3561 dies
289 3496 425 3582 legitur,
443 3516 511 3581 qua
528 3494 662 3557 moenia
680 3494 793 3581 signet
809 3508 931 3560 aratro.

136 3605 244 3670 Sacra
261 3603 354 3667 Palis
371 3604 551 3674 suberant3
578 3602 656 3666 inde
674 3615 829 3666 movetur
845 3626 951 3687 opus:
1020 3636 1023 3643 ·
1093 3624 1145 3674 820

90 3711 199 3778 Fossa
216 3712 252 3775 fit
268 3710 312 3774 ad
330 3710 497 3782 solidum3
523 3709 641 3794 fruges
653 3708 826 3794 jaciuntur
841 3709 877 3771 in
893 3708 975 3783 ima,
1065 3790 1070 3801 ι
1098 3722 1101 3727 ·
1133 3698 1137 3705 ’

135 3817 178 3884 Et
194 3816 237 3883 de
253 3817 365 3882 vicino
381 3827 470 3880 terra
485 3815 590 3899 petita
606 3814 692 3879 solo.
