2476 4148
90 171 135 237 '16
165 249 202 262 ,-
286 191 311 236 1.
344 171 415 238 The
443 168 607 239 Creotr'on
631 166 706 235 ond
725 142 782 235 'ue
803 144 930 235 Flood.
995 159 1141 258 [Morsu.

91 389 195 455 quam
213 388 394 433 commune
412 367 493 432 mihi
511 375 623 455 genus
640 362 673 431 et
688 362 853 451 patruelis
869 345 982 453 origii,
1023 365 1024 368 ’

92 474 216 540 deinde
232 486 324 539 torus
337 474 463 561 junxit,
482 494 574 537 nunc
590 473 664 558 ipsa
682 472 835 557 pericula
849 462 1020 560 jungunt:

90 590 271 655 terrarum,
290 600 524 666 quascumque
541 579 658 643 vident
673 576 818 644 occasus
836 590 868 642 et
884 591 989 654 ortus,
1100 631 1104 638 .

92 707 154 750 nos
171 686 238 750 duo
255 685 352 749 turba
369 707 507 758 sumus;
533 684 684 769 possedit
699 679 813 748 cetera
825 680 966 768 pontus.
1091 668 1142 772 35⁵5

92 792 179 856 haec
195 812 330 880 quoque
348 791 461 855 adhue
477 791 566 854 vitae
580 788 651 855 'non
668 801 719 855 est
734 788 860 855 fiducia
878 786 1013 877 nostrae

91 908 183 961 certa
201 897 303 969 satis3
328 905 454 960 terrent
470 895 570 960 etiam
589 916 680 960 nune
697 894 815 960 nubila
833 893 993 961 merrtem.

92 1001 173 1088 quid
190 1001 262 1076 tibi,
282 1001 309 1066 si
327 1001 400 1066 sine
416 1021 472 1065 me
489 1001 566 1065 fatis
584 1011 698 1084 erepta
716 1000 866 1089 fuisses,¹

91 1129 184 1173 nunc
201 1107 318 1183 animi,
338 1107 545 1182 miseranda,
563 1105 671 1171 soret?
694 1128 761 1193 quo
779 1109 852 1197 sola
864 1106 1025 1193 timorem
1116 1172 1119 1176 ,

91 1214 179 1279 ferre
197 1216 297 1280 modo
314 1212 454 1299 posses?
471 1234 539 1299 quo
556 1208 754 1279 consolante
771 1214 928 1280 doleres?
1087 1214 1144 1302 360

92 1341 240 1407 namque
258 1340 338 1406 ego,
357 1320 459 1384 crede
475 1318 618 1411 mihi,
592 1330 669 1384 site
686 1317 822 1429 quoque
837 1333 977 1408 pontus
976 1315 1132 1409 baberet,

91 1436 124 1491 te
141 1448 314 1513 sequerer,
334 1425 497 1544 conjunx,
516 1435 549 1490 et
565 1446 620 1490 me
638 1424 773 1513 quoque
784 1439 913 1512 pontus
931 1410 1084 1494 haberet'.

92 1533 124 1598 Ο
140 1534 270 1598 utinam
286 1532 415 1618 possim
433 1532 613 1617 populos
594 1553 756 1617 reparare
773 1529 934 1622 paternis

92 1640 232 1715 artibus,
252 1650 353 1726 atque
370 1638 503 1702 animas
520 1638 688 1702 formatae
704 1632 883 1704 i'nsund'er'e
900 1636 1031 1705 terrae!
1073 1636 1081 1729 J

92 1766 184 1810 nunc
200 1750 310 1832 'genus
327 1744 362 1808 in
380 1743 477 1808 nobis
493 1754 597 1808 restat
613 1725 755 1809 mortale
772 1742 928 1810 duobus}
1092 1742 1143 1835 363

92 1851 141 1917 sic
157 1851 267 1916 visum
281 1849 434 1935 superis3
460 1849 705 1936 hominumque
723 1850 884 1936 exempla
900 1846 1108 1919 manemus)

41 1952 44 1959 ’
137 1957 293 2031 Dixerat,
312 1966 345 2020 et
360 1955 507 2050 fiebant3
533 1956 662 2041 placuit
679 1955 826 2021 caeleste
842 1956 976 2047 prepari

91 2086 232 2139 numen,
251 2073 284 2128 et
300 2063 465 2128 auxilium
483 2068 544 2148 per
562 2060 677 2129 sacras
693 2085 861 2151 quaerere
876 2066 996 2131 sortes·

91 2171 186 2234 nulla
203 2191 298 2235 mora
315 2179 366 2235 est
376 2192 385 2243 3
411 2170 538 2234 adeunt
554 2169 679 2254 pariter
695 2169 901 2256 Cephisidas
918 2155 1041 2257 undas,

91 2288 127 2340 ut
143 2277 295 2341 nondum
312 2275 519 2371 liquidas,
492 2277 542 2342 sic
544 2276 628 2367 jam
643 2274 733 2342 vada
750 2287 830 2344 nota
846 2274 1015 2344 secantes.
1083 2272 1144 2366 ⁵376

91 2380 172 2447 inde
189 2381 246 2446 ubi
263 2381 410 2446 libatos
402 2403 596 2448 mroravere
612 2382 761 2489 liquores

91 2487 241 2553 vestibus
258 2497 291 2552 et
306 2486 422 2572 capiti,
439 2487 579 2552 flectunt
594 2488 739 2577 vestigia
754 2464 895 2560 sanetae

92 2595 136 2659 ad
154 2594 296 2659 delubra
313 2594 439 2670 deae,
431 2615 575 2680 quorum
591 2593 743 2682 fastigia
744 2597 835 2685 turpi

92 2700 267 2785 pallebant
284 2720 414 2779 musco,
430 2699 675 2787 stabantque
650 2722 723 2766 sme
739 2697 904 2790 ignibus
896 2706 989 2771 arae.

91 2818 128 2871 ut
143 2805 259 2890 templi
275 2805 417 2893 tetigere
430 2807 574 2901 graduS,¹
591 2796 793 2891 procumbit
799 2803 939 2897 uterque
1091 2804 1143 2901 ³373

92 2934 220 2998 pronus
236 2912 344 2986 humi,
364 2912 546 2999 gelidoque
563 2933 693 2997 pavens
710 2914 803 2980 dedit
819 2918 937 3003 oscula
953 2909 1050 2984 saxo.

93 3029 193 3105 atque
210 3018 276 3082 ita:
304 3017 560 3103 ‘'Si‘precibus'
576 3018 736 3085 dixerunt
753 2998 919 3087 ‘numina
932 3016 1033 3111 justis

92 3125 181 3189 victa
198 3125 452 3200 remollescunt,
470 3125 498 3189 si
515 3123 661 3190 flectitur
676 3126 727 3190 ira
744 3126 900 3204 deorum,
1009 3204 1015 3213 ,
1050 3205 1054 3213 ¹

92 3231 160 3306 dic,
178 3231 319 3306 Themi,
339 3251 406 3318 qua
424 3231 561 3317 generis
578 3233 742 3297 damnum
762 3226 954 3318 reparabile
972 3220 1076 3301 iiostri
1094 3250 1097 3257 '
1131 3246 1134 3250 '

93 3349 163 3401 arte
180 3337 235 3413 sit,
253 3347 286 3401 et
302 3336 422 3401 mersis
438 3338 489 3400 fer
504 3358 619 3422 opem,
638 3334 828 3414 mitissima,
847 3341 974 3405 rebus.'
1026 3419 1030 3428 Ι
1092 3348 1145 3428 380

47 3507 48 3510 ,
137 3442 234 3508 Mota
252 3443 316 3507 dea
333 3451 396 3517 est,
415 3452 608 3529 sortemque
621 3442 734 3508 dedit:
761 3433 1119 3535 ‘Dis'cedite'teinplm

94 3558 126 3614 et
141 3546 252 3613 velate
270 3557 384 3633 caput,
404 3547 600 3634 cinctasque
617 3548 775 3614 resolvite
792 3554 918 3628 vestes,

93 3676 238 3741 ossaque
256 3666 332 3739 post
346 3664 481 3741 tergum
499 3675 648 3741 magnae
661 3655 788 3742 jactate
804 3654 982 3743 parentis!

93 3763 298 3847 obstupuere
315 3761 386 3837 diu,
405 3760 597 3855 rumpitque
614 3760 750 3826 silentia
766 3784 852 3830 voce

93 3869 228 3958 Pyrrha
245 3868 350 3956 prior,
365 3867 536 3957 jussisque
554 3868 639 3934 deae
656 3871 778 3954 parere
794 3880 943 3948 recusat,
1089 3872 1146 3964 “3'35
