2476 4148
93 88 137 176 48
361 86 509 152 Perseus
533 85 606 149 and
625 33 864 152 Andromeda.
1000 105 1143 179 [Murrio

94 282 259 368 eripuisse
276 291 378 366 caput
395 281 503 355 collo;
530 281 720 367 pennisque
737 283 898 368 fugacem
1092 302 1143 370 785

93 389 254 474 Pegason
271 398 303 451 et
320 388 470 462 fratrem,
492 388 607 451 matris
624 388 667 453 de
685 389 854 474 sanguine
871 401 980 456 natos

95 495 224 559 addidit
240 505 272 558 et
288 493 383 580 longi
400 515 467 556 non
484 493 571 557 falsa
588 494 741 576 pericula
758 515 897 560 cursus:

94 622 182 687 quae
200 600 297 673 freta,
315 620 400 683 quas
416 609 522 662 terras
540 599 602 662 sub
620 620 656 663 se
672 599 813 664 vidisset
829 602 872 665 ab
890 602 970 678 alto,

95 719 128 771 et
143 727 231 791 quae
243 705 378 792 jactatis
395 704 560 790 tetigisset
576 704 688 769 sidera
704 705 839 789 pennis.

95 825 173 878 ante
190 821 424 903 exspectatum
441 810 546 875 tacuit
561 822 689 875 tamen.
739 810 877 896 Excipit
892 834 982 881 unus
1092 843 1144 902 790

95 941 138 982 ex
156 939 297 981 numero
315 938 508 1002 procerum,
527 938 710 1002 quaerens,
730 938 790 981 cur
807 920 881 983 sola
897 941 1053 991 sororum

94 1022 239 1112 gesserit
255 1023 393 1086 alternis
409 1023 569 1087 inmixtos
587 1023 737 1088 crinibus
754 1045 899 1110 angues.

140 1129 277 1213 Hospes
294 1131 352 1204 ait,
373 1127 571 1211 ‘Quoniam
590 1128 720 1195 scitaris
738 1130 843 1216 digna
860 1133 983 1210 relatu,

94 1235 212 1320 accipe
229 1234 373 1320 quaesiti
390 1255 545 1299 causam.
595 1233 796 1299 Clarissima
812 1236 922 1304 forma

94 1344 345 1426 multorumque
362 1341 423 1405 suit
439 1364 517 1427 spes
534 1341 701 1406 invidiosa
719 1353 900 1426 procorum
1094 1375 1145 1433 793

94 1450 172 1524 illa3
197 1449 312 1513 necin
329 1458 397 1513 tota
415 1449 627 1532 conspectior
643 1449 714 1513 ulla
731 1449 864 1533 capillis

94 1577 173 1641 pars
189 1556 262 1620 fuit.
298 1554 445 1631 ·Inveni‚
464 1554 521 1641 qui
539 1575 576 1620 se
592 1555 719 1620 vidisse
735 1555 886 1621 referret.

94 1664 189 1727 hanc
201 1661 317 1749 pelagi
334 1672 444 1726 rector
460 1662 588 1745 templo
604 1660 741 1725 vitiasse
760 1661 941 1727 Minervae

94 1769 227 1834 dicitur.
276 1767 411 1832 Aversa
428 1779 478 1832 est
495 1778 527 1833 et
544 1779 655 1832 castos
673 1767 795 1854 aegide
813 1770 926 1833 vultus

93 1886 173 1941 nata
185 1875 282 1961 Jovis
298 1875 401 1950 texit3
426 1894 513 1938 neve
530 1875 596 1939 hoc
612 1874 752 1958 impune
768 1874 898 1949 fuisset,
1093 1895 1147 1948 800

95 1981 318 2068 Gorgoneum
336 1981 465 2045 crinem
481 1992 598 2064 turpes
616 1981 757 2046 mutavit
772 1981 806 2044 in
824 1982 964 2066 hydros.

94 2109 186 2152 nunc
202 2108 350 2174 quoque,
368 2099 405 2152 ut
422 2087 577 2152 attonitos
595 2087 775 2153 formidine
791 2097 914 2151 terreat
931 2089 1057 2165 hostes,

94 2208 231 2283 pectore
246 2196 281 2261 in
300 2196 443 2261 adverso
459 2217 545 2282 quos
561 2194 652 2273 fecit,
672 2194 813 2261 sustinet
830 2194 987 2282 angues?
