2476 4148
94 151 135 198 12
271 153 298 199 1.
337 132 409 200 The
437 131 602 200 Creation
624 133 700 198 and
719 132 776 199 tte
796 131 922 200 Flood.
997 152 1141 225 [timu.

92 328 258 394 Maenala
274 331 489 406 transieram,
507 329 646 395 latebris
662 330 834 396 horrenda
849 331 1013 408 serarum,

93 449 126 500 et
142 457 220 500 cum
236 435 383 522 Cyllene
399 437 504 523 gelidi
521 437 637 521 pineta
653 435 797 522 Lycaei.

91 540 249 607 Arcados
266 543 462 618 hincsedes
477 553 511 607 et
525 541 697 626 inhospita
713 553 802 606 tecta
816 544 953 629 tyranni

92 648 279 735 ingredior,
297 649 472 714 traherent
487 670 565 713 cum
578 669 656 713 sera
673 650 876 733 crepuscula
893 662 1041 728 noctem.

91 755 193 841 signa
209 755 288 819 dedi
303 756 435 818 ventsse
450 755 563 830 deum,
582 756 776 841 vulgusque
793 756 926 839 precari
1091 791 1144 830 220

92 872 272 944 coeperat3
295 860 413 925 irridet
429 861 539 945 primo
555 860 612 945 pia
627 872 707 925 vota
723 859 889 946 Lycaon3

92 989 173 1031 mox
189 967 255 1032 ait:
279 966 476 1053 Experior,
493 969 576 1031 deus
591 968 659 1042 hic,
676 968 875 1031 dr’scrzinrize
890 973 1027 1056 aperto,
1083 963 1088 970 ’

91 1095 137 1137 an
153 1075 199 1138 sit
214 1073 391 1152 arenulas,
416 1095 478 1138 nec
493 1074 562 1138 erit
577 1071 772 1149 dubitabile
780 1073 915 1138 veruta.

92 1192 190 1245 nocte
207 1200 349 1266 gravem
367 1201 487 1245 somno
504 1180 672 1264 necopina
689 1181 833 1266 perdere
849 1192 957 1248 morte

92 1307 147 1350 me
163 1297 281 1370 parat3
307 1287 393 1350 haec
409 1286 458 1350 illi
475 1287 588 1371 placet
601 1287 814 1371 experientia
829 1288 914 1352 veri.
1092 1319 1142 1375 225

138 1403 147 1432 ⁶
164 1391 240 1456 Nec
256 1404 435 1457 contentus
450 1414 505 1466 eo,
524 1393 678 1458 misaida
694 1405 797 1480 gente
815 1392 970 1460 Molossa
1034 1444 1039 1449 .
1075 1444 1077 1450 ,

91 1498 219 1563 obsidis
235 1497 336 1563 unius
348 1497 509 1586 jugulum
526 1521 690 1565 mucrone
705 1501 863 1576 resolvite
900 1572 903 1578 ,

93 1617 193 1692 atque
209 1605 254 1677 ita
271 1606 461 1670 semineces
478 1606 600 1690 partim
618 1605 827 1672 serventibus
843 1617 937 1672 antus

92 1712 200 1778 mollit
216 1711 326 1798 aquis,
345 1712 466 1796 partim
483 1713 637 1799 subjecto
653 1713 772 1778 torruit
787 1713 871 1800 igni.

91 1840 177 1906 quos
194 1818 295 1883 simul
311 1817 472 1903 imposuit
488 1819 629 1894 mensis,
648 1840 715 1906 ego
731 1819 867 1885 vindice
883 1819 1025 1886 flamma
1090 1851 1142 1906 230

91 1925 126 1989 in
144 1923 320 1989 dominum
336 1925 527 2011 dignosque
545 1925 649 1990 everti
665 1938 753 1991 tecta
769 1925 926 2003 Penates.

91 2031 225 2096 territus
242 2030 315 2116 ipse
331 2031 431 2118 fugit,
450 2043 638 2118 nactusque
655 2032 894 2098 silentiaruris

91 2137 257 2212 exululat,
275 2136 466 2223 frustraque
482 2138 575 2224 loqui
592 2150 755 2212 conatur3
781 2140 825 2203 ab
841 2138 917 2225 ipso

88 2244 222 2331 colligit
236 2265 275 2308 os
290 2242 435 2318 rabiem,
453 2244 641 2331 solitaeque
657 2245 818 2330 cupidine
835 2245 951 2310 caedis

89 2351 231 2416 vertitur
246 2349 280 2414 in
298 2351 461 2436 pecudes,
480 2361 515 2417 et
529 2372 622 2416 nunc
636 2373 773 2438 quoque
789 2351 961 2440 sanguine
977 2352 1117 2440 gaudet

90 2459 127 2522 in
142 2457 242 2523 villos
258 2459 385 2522 abeunt
400 2471 524 2534 vestes,
537 2459 577 2523 in
595 2480 694 2524 crura
705 2459 849 2524 lacerti:

90 2567 129 2630 fit
144 2567 257 2651 lupuS,
276 2577 310 2631 et
324 2565 447 2632 veteris
462 2577 577 2632 servat
591 2566 735 2653 vestigia
753 2566 893 2632 formae.
988 2612 990 2619 ι

91 2673 233 2738 canities
250 2673 372 2738 eadem
389 2685 451 2749 est,
471 2673 594 2739 eadem
610 2673 772 2748 violentia
787 2674 913 2749 vultuS,

89 2778 183 2846 idem
195 2780 289 2845 oculi
306 2781 433 2854 lucent,
452 2781 574 2846 eadem
590 2780 730 2855 feritatis
747 2775 875 2868 imago.

138 2886 298 2952 ‘Occidit
312 2908 382 2952 una
397 2887 543 2960 domus3
569 2888 630 2952 sed
647 2909 715 2951 non
732 2888 855 2953 domus
871 2906 941 2952 una
958 2886 1069 2972 perire
1090 2920 1142 2971 240

92 2992 199 3080 digna
216 2993 298 3068 suit3
322 3003 496 3080 quaterna
514 3005 618 3080 patet,
637 2994 709 3058 sera
726 3006 848 3081 regnat
865 2994 1004 3081 Erinys.

91 3099 126 3164 in
144 3101 277 3166 facinus
291 3100 426 3189 jurasse
442 3113 554 3186 putes.
603 3101 696 3166 Dent
711 3102 807 3167 ocius
822 3123 943 3166 omnes

91 3227 177 3292 quas
194 3229 349 3273 meruere
364 3208 448 3292 pati,
468 3207 517 3272 sic
533 3218 598 3272 stat
614 3208 795 3282 sentent-ia,
814 3206 969 3292 poenas!
1008 3228 1010 3233 ’

136 3312 237 3377 Dicta
250 3313 345 3398 Jovis
363 3334 442 3398 pars
454 3334 542 3378 voce
559 3316 704 3399 probant
715 3314 941 3407 stimulosque
955 3307 1115 3378 trementi

92 3418 255 3493 adiciunt,
274 3419 332 3482 alii
348 3431 462 3504 partes
480 3421 677 3485 assensibus
693 3421 849 3506 impl-ent.
1089 3445 1141 3506 ²43

90 3537 271 3593 esttamen
290 3527 431 3602 humani
446 3529 583 3615 generis
596 3529 729 3616 jactura
746 3529 854 3595 dolori

76 3635 262 3709 omnibus,
281 3645 325 3709 et,
343 3655 433 3720 quae
450 3634 491 3699 sit
507 3646 617 3700 terrae
635 3637 833 3702 mortalibus
849 3637 954 3701 orbae

90 3739 200 3804 sorma
217 3741 341 3816 futura,
360 3752 503 3829 rogant3
528 3741 605 3827 quis
621 3742 664 3806 sit
680 3742 810 3808 laturus
826 3743 862 3806 in
880 3764 958 3808 aras

89 3845 187 3913 tura?
210 3847 334 3912 ferisne
352 3860 448 3932 paret
463 3849 677 3933 populandas
693 3850 827 3914 tradere
843 3847 974 3914 terras?
