2476 4148
91 207 144 262 IV.
166 207 241 280 856]
520 190 556 258 Τ
549 143 592 257 de
613 190 729 257 Fasti.

89 386 201 451 Fossa
217 388 366 473 repletur
382 389 500 464 humo,
519 388 712 474 plenaeque
728 388 913 474 imponitur
930 408 1003 465 ara,
1044 449 1048 457 .

136 492 181 556 Et
196 515 304 558 novus
322 516 468 559 accenso
485 495 638 581 fungitur
655 495 736 580 igne
754 495 861 559 focus.

90 598 177 662 Inde
194 621 354 684 premens
371 601 491 665 stivam
510 600 669 685 designat
685 601 821 665 moenia
838 601 955 666 sulco:
1097 620 1146 689 8²5

136 704 228 769 Alba
241 706 365 793 jugum
382 707 481 771 niveo
499 727 577 770 cum
595 707 681 770 bove
698 727 805 770 vacca
821 707 908 771 tulit.

90 812 171 877 Vox
188 811 250 875 fuit
266 813 352 876 haec
369 813 482 899 regis:
513 811 695 886 Condeutz',
720 810 905 899 Juppr'ter‚
925 815 1042 879 urbem

136 918 188 982 Et
198 920 341 1004 genz‘tor
355 919 504 982 Mavors
534 917 700 1002 Vestaque
715 927 840 996 muter,
859 921 965 984 ades!
986 944 991 951 ·
1089 962 1106 997 0

90 1023 257 1110 ,Quosque
267 1026 368 1110 prum
386 1033 434 1088 est
450 1024 614 1088 adhibere
629 1024 721 1101 deos,
740 1027 911 1091 advertite
926 1027 1062 1099 cuncta!

44 1175 49 1190 .
136 1129 636 1215 Auspuuusvobrstocuuz
648 1141 774 1233 surgat
790 1140 909 1223 opus.
1096 1153 1148 1220 830

91 1234 219 1320 Longu
235 1237 280 1299 sit
295 1236 375 1300 duic
390 1245 485 1300 aetas
502 1236 727 1324 domuzaeque
737 1241 878 1325 potent
861 1263 897 1304 ru
915 1248 1047 1317 terrae,

138 1339 261 1427 Sitque
275 1343 336 1405 sub
352 1343 418 1406 hac
434 1343 548 1405 oriens
566 1342 792 1430 occiduusque
807 1349 894 1411 drsses
955 1429 958 1434 .
994 1351 997 1355 ’

92 1444 155 1511 llle
172 1449 396 1532 precabatur:
421 1448 546 1512 tonitru
564 1450 657 1514 dedit
672 1448 786 1515 omina
804 1453 903 1518 laevo

133 1554 301 1639 Juppiter,
321 1567 354 1618 et
369 1555 468 1620 laevo
485 1555 628 1620 fulmina
645 1557 748 1622 missa
765 1560 857 1643 polo.

91 1659 250 1749 Augurio
266 1661 346 1725 laeti
359 1662 490 1749 jaciunt
508 1662 707 1728 fundamina
725 1665 829 1741 cives,
1096 1686 1146 1755 835

138 1769 182 1833 Et
199 1790 306 1833 novus
324 1769 451 1856 exiguo
468 1780 619 1855 tempore
638 1794 754 1837 murus
770 1784 856 1839 erat.

93 1877 172 1942 Hoc
188 1875 291 1942 Celer
307 1888 408 1964 urget
423 1899 521 1962 opus,
541 1899 642 1964 quem
660 1878 830 1945 Romulus
848 1879 920 1966 ipse
936 1892 1088 1959 vocarat,

139 1983 326 2070 ‘Sint'que,
348 1980 486 2058 ‘Celer',
506 1984 627 2048 curae'
644 1985 776 2050 dixerat
795 1987 880 2052 ‘ista
897 1999 996 2053 tuae:

92 2090 192 2157 Neve
209 2091 284 2176 quis
302 2101 359 2154 aut
376 2074 506 2164 muros,
522 2102 579 2155 aut
597 2091 720 2155 factam
738 2070 876 2158 vomere
893 2095 1020 2159 fossam

137 2200 320 2274 Transeat,
340 2199 522 2263 audentem
539 2197 620 2261 talia
637 2198 725 2263 dede
743 2200 843 2263 neci.’
1097 2220 1149 2286 840

94 2306 197 2394 Qod
214 2307 347 2372 Remus
364 2307 528 2392 ignorans
546 2304 691 2369 humiles
708 2318 926 2371 contemnere
943 2329 1058 2374 muros

137 2413 272 2500 Coepit,
291 2423 324 2477 et
341 2424 349 2453 ⁶
367 2412 432 2477 His
449 2411 596 2496 populus
611 2410 619 2438 ’
635 2410 749 2481 dicere
767 2422 879 2477 ‘tutus
896 2412 1000 2478 erit?’

91 2521 169 2587 Nec
186 2543 294 2596 mora,
312 2518 502 2585 transiluit:
529 2529 621 2582 rutro
639 2516 743 2583 Celer
759 2530 904 2605 occupat
921 2542 1042 2586 ausum
1057 2543 1066 2598 ;

137 2629 198 2693 Ille
215 2627 338 2713 premit
355 2628 476 2692 duram
495 2625 781 2712 sanguinulentus
800 2628 956 2692 humum.

92 2734 192 2800 Haec
207 2735 265 2799 ubi
284 2755 345 2799 rex
363 2732 491 2808 didicit,
511 2732 672 2798 lacrimas
689 2733 853 2799 introrsus
870 2734 1007 2801 obortas
1099 2754 1149 2822 843
1222 2748 1231 2761 ’

136 2842 300 2918 Devorat,
318 2853 351 2906 et
367 2842 524 2905 clausum
540 2852 677 2925 pectore
695 2841 816 2906 volnus
834 2842 958 2916 habet3

90 2949 191 3014 Flere
208 2949 323 3035 palam
340 2970 408 3013 non
424 2950 507 3023 volt,
527 2947 756 3034 exemplaque
774 2948 872 3013 fortia
889 2958 1015 3024 servat,

136 3054 196 3120 Sic
211 3079 277 3143 que
293 3077 383 3119 tureos
400 3076 517 3118 muros
533 3063 691 3118 transeut
706 3051 812 3118 hostis
830 3055 887 3118 ait.

91 3162 160 3226 Dat
176 3175 290 3227 tamen
307 3162 510 3248 exsequias3
536 3182 601 3225 nec
614 3161 686 3248 jum
705 3162 915 3246 suspendere
930 3159 1050 3226 fletum

136 3268 300 3343 Sustinet,
319 3279 352 3332 et
369 3269 477 3353 pietas
494 3267 706 3332 dissimulata
722 3279 826 3354 patet.
1097 3287 1148 3355 850

91 3375 289 3461 Osculaque
307 3375 470 3459 adplicuit
484 3375 594 3459 posito
611 3396 772 3460 suprema
789 3375 926 3451 feretro,

136 3482 249 3568 Atque
267 3482 325 3557 ait,
344 3482 461 3545 lnvz‘to
471 3484 594 3560 frater
609 3483 779 3568 adempte,
797 3482 898 3545 vale!

89 3587 308 3674 Arsurosque
325 3600 416 3652 artus
432 3587 541 3651 unxit.
590 3587 734 3662 Fecere,
753 3589 845 3674 quod
862 3588 933 3664 ille,

134 3694 318 3759 Faustulus
335 3705 368 3758 et
383 3706 532 3758 maestas
548 3691 645 3758 Acca
662 3686 925 3769 solutacomas;
960 3746 966 3763 .

89 3800 183 3865 Tum
195 3800 358 3887 juvenem
376 3801 528 3865 nondum
546 3800 624 3864 sacti
640 3800 766 3865 flevere
784 3798 955 3886 Qirites3
1094 3822 1144 3889 855

135 3904 266 3970 Ultima
282 3905 413 3989 plorato
431 3903 564 3970 subdita
581 3903 721 3968 flamma
738 3926 822 3993 rogo
839 3915 900 3969 est.
