2476 4148
95 100 160 190 156
463 103 612 170 Skariar
634 104 769 170 Poems.
1024 122 1146 194 [ωτι.

92 299 198 366 Alma
214 299 328 375 Pales,
347 301 465 366 faveas
482 301 630 385 pastoria
647 322 746 365 sacra
762 300 912 379 canenti,

138 406 331 491 Prosequor
347 406 503 471 officiosi
518 417 577 470 tua
595 407 679 471 festa
695 407 764 492 pio.

93 513 195 580 Certe
212 532 278 598 ego
296 512 338 576 de
355 512 459 576 vitulo
477 513 627 576 cinerem
644 513 854 600 stipulasque
870 514 993 583 fabalis
1093 549 1144 607 7²5

138 620 252 703 Saepe
269 619 330 682 tuli
347 619 449 703 plena
470 618 607 702 (februa
624 623 738 704 casta)
759 642 876 687 manu.

93 725 195 792 Certe
212 746 278 812 ego
294 725 448 789 transilui
465 725 592 810 positas
607 737 659 790 ter
673 727 708 790 in
726 729 845 794 ordine
862 729 1033 808 flammas,

138 831 285 917 Udaque
301 842 431 896 roratas
448 832 566 896 laurea
584 832 673 897 misit
690 855 811 920 aquas.

92 937 190 1002 Mota
206 938 271 1002 dea
288 950 350 1013 est,
368 938 531 1024 operique
548 939 660 1004 favete
685 942 865 1008 navalibus
878 942 952 1020 exi,

136 1043 287 1130 Puppis!
312 1046 439 1110 habent
457 1053 573 1112 ventos
585 1048 657 1136 jam
676 1071 754 1114 mea
769 1051 847 1115 vela
863 1056 954 1116 euos.
1091 1081 1144 1136 730

91 1150 123 1228 I,
140 1164 217 1237 pete
233 1153 401 1239 virginea,
419 1155 581 1239 populus,
600 1156 758 1222 suffimen
775 1158 819 1222 ab
836 1178 917 1222 ara:

135 1257 243 1324 Vesta
259 1260 373 1334 dabit3
396 1260 525 1326 Vestae
543 1284 684 1328 munere
697 1247 808 1349 purus
822 1265 902 1328 eris.

91 1364 243 1454 Sanguis
260 1368 338 1454 eq'ui
356 1358 513 1433 suffimen
528 1370 605 1444 erit,
623 1370 787 1455 vitulique
805 1369 934 1446 fauilla,

134 1473 253 1539 Tertia
269 1497 323 1540 res
340 1476 447 1540 durae
465 1476 602 1541 culmen
617 1475 721 1541 'inan'e
738 1474 853 1540 fabae.
954 1552 957 1556 ⁴

90 1576 223 1656 Pastor,
241 1603 323 1647 oves
339 1593 473 1647 saturas
490 1583 534 1647 ad
550 1583 661 1668 prima
678 1576 880 1668 crepuscula
896 1572 1025 1647 lustrat
1088 1611 1143 1670 2735

134 1687 239 1753 Unda
256 1689 350 1773 prius
367 1699 521 1777 spargat,
538 1690 707 1776 virgaque
722 1699 834 1753 verrat
850 1689 1007 1752 humulus

89 1793 283 1861 Frondibus
299 1806 332 1860 et
347 1797 425 1860 fixis
439 1797 645 1861 decorentur
660 1795 763 1861 ovilia
778 1794 898 1871 femie,

134 1899 179 1965 Et
192 1909 288 1989 tegat
301 1913 439 1967 ornatas
455 1901 561 1989 longa
578 1920 705 1966 corona
722 1901 824 1966 sores.

89 2004 250 2073 Caerulei
267 2008 350 2073 fiant
364 2008 443 2073 vivo
460 2009 503 2073 de
520 2004 684 2093 sulphure
700 2006 798 2083 sumi,

132 2114 311 2203 Tectaque
327 2114 472 2179 fumanti
489 2099 653 2200 sulphure
668 2115 761 2179 balet
775 2112 862 2179 ovis.
1090 2143 1143 2200 740

88 2219 161 2287 Ure
176 2243 289 2287 mares
305 2222 413 2298 oleas,
431 2222 650 2306 taedamque,
669 2221 862 2306 herbasque
878 2217 1040 2297 Sabinas,

133 2327 177 2392 Et
191 2339 309 2415 crepet
323 2329 358 2392 in
375 2327 496 2393 mediis
512 2328 630 2391 laurus
648 2327 769 2391 adusta
785 2325 882 2391 iocis.
904 2320 907 2325 ’

88 2431 246 2520 Libaque
262 2435 306 2500 de
322 2434 416 2499 milio
433 2432 518 2497 milii
535 2430 665 2498 fiscella
682 2440 863 2518 sequetur:

134 2539 278 2605 Rustica
295 2539 481 2626 praecipue
498 2550 549 2605 est
565 2540 632 2604 hoc
649 2539 714 2603 dea
731 2538 821 2602 laeta
838 2528 928 2604 cibo.
950 2598 954 2602 .

88 2643 191 2711 Adde
203 2647 311 2732 dapes
323 2647 572 2731 mulctramque
584 2661 679 2719 suas,
694 2644 907 2731 dapibusque
920 2643 1059 2710 resectis
1087 2674 1141 2733 743

134 2752 334 2819 Silvicolam
350 2753 465 2838 tepido
482 2754 571 2817 lacte
588 2765 731 2837 precare
747 2750 868 2815 Palen.

95 2857 241 2925 Consule
261 2861 353 2950 (dic)
366 2860 494 2947 pecori
498 2861 645 2945 pariter
653 2858 860 2945 pecorisque
875 2856 1073 2942 anagninis:

133 2965 298 3055 Effingunt
313 2967 456 3032 stabulis
471 2987 563 3030 noxa
581 2964 722 3051 repulsa
739 2963 834 3028 meis.

89 3073 174 3140 Sive
188 3099 286 3142 sacro
297 3078 401 3163 pavi,
417 3077 533 3139 sednbe
547 3075 609 3139 sub
625 3074 883 3147 arbensem,

132 3183 338 3268 Pabulapne
352 3204 370 3246 e
386 3181 492 3247 bustis
507 3183 616 3246 u'nscia
633 3180 766 3267 carpsit
781 3178 874 3255 uvis·,·
1089 3198 1142 3262 750

89 3286 136 3353 Si
148 3312 264 3353 nennns
281 3291 418 3353 intravi
429 3290 583 3365 uetulum,
602 3289 772 3352 nostrisve
777 3286 935 3371 fugatae

134 3394 226 3460 Sunt
242 3396 346 3459 aczrlis
362 3394 545 3481 nymphae,
563 3396 795 3480 seruicaperve
810 3391 893 3455 deus
899 3409 914 3470 ‚·

89 3500 136 3567 Si
147 3524 221 3565 nien
229 3502 316 3586 salx
333 3524 431 3566 ruma
447 3502 560 3565 leucum
576 3500 742 3586 spoliavit
759 3505 878 3585 opaca,
976 3536 979 3541 >

140 3607 239 3675 Unde
255 3608 338 3672 data
355 3615 403 3671 est
418 3628 547 3693 aegrae
551 3606 681 3690 fiscn'na
693 3605 835 3684 frondis
851 3603 928 3682 avi‚·

87 3715 150 3782 Da
166 3717 302 3778 aeneam
318 3710 453 3800 culpae,
470 3733 545 3786 nec,
563 3712 643 3775 dnm
659 3708 910 3796 degrandinat,
928 3704 1016 3775 ausu
1088 3698 1139 3795 733

132 3821 377 3909 Agrestifano
393 3818 611 3906 supposuisse
619 3822 739 3903 pecus.
