2476 4148
76 139 115 194 Χ.
134 136 229 210 162.]-
363 120 435 187 Tne
457 121 562 208 Rape
584 122 632 206 os
650 119 859 205 Ganymede.
1068 138 1129 184 101

69 338 144 409 'nec
159 316 252 382 tiliae
270 318 404 392 molles,
423 338 488 382 nec
504 318 605 404 fagus
622 327 655 381 et
671 316 801 380 innuba
817 317 948 391 laurus,

76 444 144 488 nec
160 422 268 510 coryli
283 423 438 509 fragiles,
457 434 490 488 et
506 423 661 487 fraxinus
676 421 767 486 utilis
784 421 903 497 hastis,

76 530 265 615 enodisque
283 529 391 604 abieS,
410 540 618 615 curvataque
635 528 820 615 glandibus
836 527 918 603 ilex,

76 646 111 702 et
127 637 287 722 platanus
304 635 464 723 genialis,
485 656 631 720 acerque
649 634 819 699 coloribus
835 632 960 718 impar,
1096 663 1131 720 95

77 743 339 829 amnicolaeque
357 741 457 807 simul
475 741 598 806 salices
615 751 648 805 et
664 740 821 825 aquatica
839 740 938 813 lotos,

11 888 14 894 ·
77 860 311 936 perpetuoque
327 848 440 913 virens
458 848 601 921 buxum,
621 857 809 930 tenuesque
827 845 992 931 myricae,

76 967 112 1022 et
127 956 258 1021 bicolor
274 967 417 1042 myrtus,
436 965 468 1020 et
479 953 579 1017 'bacis
597 952 736 1016 caerula
754 951 856 1015 tinus.

76 1084 139 1128 vos
157 1083 304 1149 quoque,
321 1061 509 1146 flexipedes
527 1060 688 1133 hederae,
707 1057 859 1133 venistis,
879 1068 911 1122 et
927 1077 996 1122 una

76 1168 284 1254 pampineae
301 1168 385 1232 vites
402 1178 435 1231 et
452 1167 596 1231 amictae
614 1165 737 1229 vitibus
753 1164 858 1238 ulmi3
1081 1194 1131 1234 100
1184 1174 1192 1179 ’

76 1275 221 1360 ornique
238 1284 271 1339 et
286 1274 414 1359 piceae,
423 1294 593 1359 pomoque
610 1282 751 1338 onerata
769 1270 902 1335 rubenti

77 1382 231 1459 arbutus,
247 1391 281 1445 et
297 1381 408 1445 lentae
430 1379 585 1467 (victoris
602 1377 774 1464 praemia)
795 1378 945 1463 palmae,

77 1498 113 1552 et
127 1487 301 1551 succincta
318 1508 438 1551 comas
452 1487 649 1571 hirsutaque
666 1484 791 1549 vertice
808 1485 922 1570 pinus,
968 1565 970 1570 Ι

75 1603 177 1680 grata
193 1593 295 1657 deum
313 1592 432 1657 matri:
457 1592 626 1677 siquidem
644 1590 831 1676 Cybeleius
849 1589 939 1654 Attis

75 1699 172 1764 exuit
188 1700 254 1762 hac
271 1699 457 1773 hominem,
475 1711 664 1784 truncoque
681 1696 830 1761 induruit
847 1697 917 1761 illo.
1081 1726 1128 1782 105

122 1802 211 1869 Tale
227 1825 347 1868 nemus
364 1817 458 1868 vates
476 1814 679 1877 attraxerat3
705 1803 809 1889 inque
826 1803 976 1867 ferarum

76 1910 223 1975 concilio
240 1910 372 1974 medius
389 1911 486 1974 turba
503 1911 751 1996 volucrumque
769 1911 922 1975 sedebat.

74 2028 114 2082 ut
130 2016 212 2081 satis
228 2016 393 2100 impulsas
410 2015 586 2101 temptavit
603 2017 727 2101 pollice
745 2018 905 2092 chordas,
1080 2047 1128 2104 145

75 2133 110 2188 et
126 2123 231 2188 sensit
246 2123 371 2197 varios,
389 2122 547 2208 quamvis
564 2123 699 2187 diversa
717 2134 889 2198 sonarent,
977 2166 981 2170 -

75 2229 286 2294 concordare
303 2230 434 2303 modos,
454 2229 520 2294 hoc
537 2251 656 2293 vocem
675 2230 827 2293 carmine
844 2230 970 2294 movit:

123 2333 203 2399 ‘Ab
215 2335 313 2420 Jove,
329 2334 432 2400 Musa
449 2357 574 2421 parens
595 2335 740 2421 (cedunt
751 2335 847 2421 Jovis
864 2335 979 2400 omnia
996 2335 1123 2422 regno)

75 2441 230 2506 carmina
246 2452 360 2506 nostra
377 2447 497 2507 moue:
518 2442 615 2528 Jovis
632 2453 683 2506 est
699 2442 782 2506 mihi
799 2463 903 2526 saepe
921 2453 1071 2527 potestas

66 2533 167 2612 'dicta
184 2547 290 2632 prius.
339 2547 459 2612 Cecini
477 2550 607 2634 plectro
623 2548 782 2636 graviore
801 2547 985 2635 Gigantas,
1078 2580 1128 2634 150

76 2675 264 2741 sparsaque
280 2653 483 2741 Phlegraeis
500 2655 652 2720 victricia
669 2656 814 2719 fulmina
832 2656 985 2739 campis3

75 2781 169 2825 nunc
183 2782 270 2846 opus
287 2771 337 2825 est
353 2760 479 2825 leviore
496 2762 585 2847 lyra,
604 2783 795 2848 puerosque
812 2783 977 2826 canamus

76 2865 218 2931 dilectos
235 2867 379 2951 superis,
399 2867 677 2954 inconcessisque
694 2869 828 2953 puellas

75 2973 215 3060 ignibus
232 2973 387 3037 attonitas
405 2976 570 3038 meruisse
588 2974 728 3038 libidine
745 2996 905 3060 poenam.

123 3079 229 3144 ‘Rex
245 3100 405 3164 superum
423 3079 568 3167 Phrygii
586 3081 759 3165 quondam
778 3080 993 3167 Ganymedis
1010 3103 1125 3146 arnore

76 3186 171 3260 arsit,
190 3197 222 3250 et
237 3186 410 3250 inventum
426 3199 477 3251 est
493 3187 635 3274 aliquid,
646 3187 744 3272 ‚quod
756 3187 915 3272 Juppiter
931 3210 1019 3260 esse,

75 3313 180 3378 quam
197 3293 287 3378 quod
305 3296 388 3367 erat,
408 3295 536 3358 mallet.
585 3293 692 3357 Nulla
709 3305 824 3357 tamen
841 3294 919 3358 alite
936 3295 1021 3358 verti

75 3399 250 3485 dignatur,
268 3399 333 3464 nisi
350 3421 438 3486 quae
456 3412 570 3485 posset
586 3422 647 3464 sua
665 3400 808 3463 fulmina
825 3400 925 3464 ferre.

74 3525 140 3568 nec
157 3525 273 3570 mora:
298 3527 462 3592 percusso
481 3507 704 3572 mendacibus
723 3511 801 3571 aere
819 3507 941 3591 pennis

76 3610 199 3696 abripit
215 3611 360 3688 Iliaden,
379 3612 436 3699 qui
455 3634 546 3676 nunc
563 3634 698 3698 quoque
716 3615 839 3697 pocula
857 3614 988 3688 miscet,
1077 3629 1126 3700 160

73 3717 248 3806 invitaque
260 3719 338 3805 Jovi
356 3732 473 3783 nectar
484 3718 620 3803 Junone
638 3719 816 3784 ministrat.

121 3825 198 3892 ‘Te
208 3823 746 3913 quoque,Amyclide,posuisset
756 3826 791 3889 in
802 3827 938 3891 aethere
950 3825 1120 3900 Phoebus,
