2476 4148
121 144 175 199 tx.
189 144 265 215 343]
468 128 540 195 The
561 125 726 195 Funeral
743 127 860 194 Pila*

166 321 259 387 Ecce
275 320 413 391 Lichan
429 324 600 408 trepidum
615 324 804 389 latitantem
821 345 905 410 rupe
922 331 1044 389 cavata

121 429 243 515 aspicit
253 452 266 505 3,
278 440 390 515 utque
408 430 505 495 dolor
521 431 651 495 rabiem
669 431 857 517 collegerat
871 452 1022 506 ornnem,

123 534 259 612 ‘Tune,
277 534 413 609 Licha‚'
429 532 515 598 dixit
531 534 672 599 ‘feralia
689 537 780 601 dona
797 534 939 602 dedisti?
1047 588 1054 599 .

120 651 201 706 tune
219 661 317 707 meae
332 639 427 704 necis
445 649 564 704 auctor
580 638 687 705 erisi’
731 641 865 706 Tremit
880 640 951 719 ille,
969 650 1139 729 pavetque

121 747 283 832 pallidus,
301 756 335 811 et
349 746 466 811 timide
484 746 588 811 verba
606 747 807 812 excusantia
824 748 917 813 dicit.
1119 779 1149 818 21
1154 777 1169 834 ς

121 853 291 919 dicentem
308 853 522 939 genibusque
542 872 665 919 manus
683 852 847 918 adhibere
863 863 1042 938 parantem

122 958 259 1044 corripit
274 957 428 1035 Alcides
447 969 479 1024 et
494 969 612 1045 terque
631 968 818 1044 quaterque
834 971 980 1027 rotatum

121 1065 220 1130 mittit
235 1065 270 1130 in
286 1064 459 1130 Euboicas
474 1075 641 1130 tormento
658 1065 776 1130 fortius
793 1067 917 1132 undas.

120 1171 179 1236 ille
196 1193 257 1256 per
274 1171 384 1236 aerias
401 1171 555 1256 pendens
572 1170 722 1235 induruit
739 1192 840 1237 auras
852 1174 864 1247 3'

120 1287 224 1362 utque
241 1276 353 1341 ferunt
368 1277 495 1342 imbres
511 1277 636 1363 gelidis
654 1297 875 1343 concrescere
891 1279 1015 1357 ventio,
1045 1316 1046 1319 ¹
1118 1309 1171 1366 ²20

120 1383 200 1447 inde
217 1382 311 1447 nives
328 1383 414 1459 fieri,
433 1383 568 1448 nivibus
584 1404 721 1469 quoque
738 1384 841 1450 molle
858 1386 974 1453 rotatis

120 1489 276 1576 astringi,
294 1499 327 1553 et
342 1490 453 1574 spissa
470 1489 654 1576 glomerari
672 1490 841 1576 grandine
858 1513 1003 1577 corpus:

119 1596 170 1661 sic
186 1596 281 1659 illum
298 1595 420 1661 validis
437 1607 550 1661 actum
567 1617 628 1681 per
644 1595 747 1660 inane
764 1596 899 1662 lacertis

120 1721 403 1788 exsanguemque
420 1712 511 1766 metu
524 1701 786 1788 necquicquam
800 1702 952 1769 humoris
970 1705 1167 1783 habentem,

119 1806 155 1872 in
172 1807 300 1893 rigidos
316 1829 452 1872 versum
470 1808 582 1873 silices
599 1809 691 1893 prior
708 1809 814 1873 edidit
830 1820 936 1877 aetas.
1117 1843 1167 1900 ²²5

119 1932 212 1976 nunc
228 1932 362 1998 quoque
379 1912 413 1976 in
430 1912 584 1979 Euboico
601 1915 762 1998 scopulus
781 1915 894 1980 brevis
910 1916 1034 1982 emicat
1050 1917 1118 1982 alto

118 2017 268 2105 gurgite,
288 2029 320 2082 et
336 2019 508 2084 humanae
525 2033 638 2086 servat
653 2021 799 2108 vestigia
817 2021 960 2098 formae,

117 2144 234 2209 quem,
252 2123 349 2209 quasi
368 2146 560 2202 sensurum,
580 2138 704 2192 nautae
721 2129 857 2195 calcare
873 2140 1044 2207 verentur,

64 2240 66 2244 ’
118 2230 361 2317 appellantque
378 2229 527 2296 Lichan.
570 2274 573 2280 ·

554 2335 603 2403 At
617 2348 666 2414 tu,
680 2338 776 2425 Jovis
792 2340 910 2407 inclita
926 2342 1052 2427 proles,

117 2442 296 2519 arboribus
313 2442 435 2520 caesis,
453 2466 539 2531 quas
556 2447 663 2511 ardua
680 2460 835 2533 gesserat
851 2449 951 2526 Oete,
1116 2466 1168 2538 23‘0

116 2547 221 2634 inque
237 2570 360 2635 pyram
377 2551 523 2626 structis,
542 2572 661 2616 arcum
678 2554 943 2643 pharetramque
960 2578 1125 2644 capacem

116 2677 299 2742 regnaque,
311 2656 443 2721 visuras
460 2657 580 2722 iterum
599 2660 752 2748 Trojana
770 2663 912 2750 sagittas

117 2761 206 2826 ferre
218 2762 319 2849 jubes
335 2762 486 2828 Poeante
503 2776 627 2840 satum,
646 2789 714 2854 quo
731 2769 871 2833 flamma
889 2771 1041 2837 ministro

86 2898 99 2919 ·
117 2869 273 2943 subdita3
298 2870 449 2956 dumque
466 2873 575 2938 avidis
592 2877 847 2961 comprenditur
863 2877 1001 2964 ignibus
1018 2899 1141 2966 agger,

117 2975 315 3060 congeriem
332 2975 438 3040 silvae
456 2976 634 3045 Nemeaeo
651 2983 777 3046 vellere
794 3004 965 3047 summam
1114 3016 1164 3071 235

117 3081 251 3156 sterniS,
269 3091 302 3145 et
318 3081 475 3167 imposita
493 3087 613 3152 clavae
631 3088 764 3152 cervice
781 3088 965 3163 recumbis,

117 3185 210 3250 haud
227 3187 294 3252 alio
310 3189 418 3265 vultu,
437 3213 540 3277 quam
559 3194 587 3258 si
605 3193 750 3258 conviva
761 3193 896 3281 jaceres
1047 3179 1055 3189 ’

116 3291 203 3356 inter
219 3293 323 3378 plena
339 3297 423 3362 meri
443 3299 618 3365 redimitus
636 3302 760 3385 pocula
777 3299 885 3364 sertis.

157 3398 304 3486 Jamque
319 3404 440 3469 valens
456 3416 490 3470 et
506 3406 540 3470 in
557 3426 659 3470 omne
675 3407 764 3469 latus
781 3405 905 3470 diffusa
922 3408 1077 3483 sonabat,

116 3526 322 3593 securosque
340 3522 432 3575 artus
450 3509 785 3597 contemptoremque
797 3496 938 3597 ¹petebat
1114 3545 1166 3598 240

115 3610 254 3678 flamma
272 3639 384 3682 suurn.
433 3615 597 3682 Timuere
615 3617 668 3681 dei
686 3639 747 3702 pro
764 3618 899 3682 vindice
916 3629 1047 3684 terrae:

115 3742 201 3806 quos
217 3724 277 3799 ita,
294 3723 401 3788 sensit
418 3723 522 3799 enim,
540 3724 630 3787 laeto
647 3723 829 3788 Saturnius
845 3745 904 3788 ore
1145 3709 1147 3714 ¹

110 3827 269 3916 Juppiter
286 3829 500 3914 adloquitur:
528 3827 678 3895 ‘Nostra
695 3839 746 3894 est
761 3829 862 3894 timor
876 3829 940 3894 iste
955 3831 1125 3916 voluptaS,
