2476 4148
104 155 176 214 vn.
202 157 273 230 144]
406 139 515 229 Jasan
532 143 649 230 [ulfila
671 140 725 206 his
755 136 790 206 T
784 139 857 204 ask.
1107 139 1154 226 69

104 337 401 423 aeripedes-tauri,
419 348 598 426 tactaeque
614 336 797 423 vaporibus
814 335 941 400 herbae
1104 364 1153 421 105

104 445 238 508 ardent.
286 445 401 531 thue
418 447 527 510 solent
544 445 635 530 pleni
653 464 814 508 resonare
833 442 971 518 camini,

104 561 163 615 aut
178 551 237 617 ubi
253 561 387 616 terrena
404 551 517 616 silices
533 551 672 616 fornace
690 549 790 614 soluti

103 657 301 743 concipiunt
315 657 432 744 ignem
449 657 654 744 liquidarum
672 656 855 742 aspargine
872 675 1061 742 aquarum:

103 774 242 850 pectora
259 762 309 830 sic
324 763 414 828 intus
431 764 565 828 clausas
581 762 753 827 volventia
770 761 927 826 flammas

102 881 307 959 gutturaque
323 880 399 934 usta
417 881 550 934 sonant.
598 869 736 933 Tamen
755 867 820 932 illis
836 865 974 933 Aesone
991 877 1091 932 natus

101 977 222 1042 obvius
238 976 283 1040 itr
307 986 439 1040 vertere
453 987 567 1040 truces
581 973 750 1039 venientis
767 973 810 1038 ad
827 994 887 1038 ora

101 1079 269 1146 terribiles
285 1079 397 1143 vultus
415 1076 636 1164 praefixaque
653 1097 783 1142 cornua
800 1077 902 1151 serr0,

100 1187 370 1274 pulvereumque
385 1185 496 1250 solum
514 1185 602 1269 pede
618 1184 798 1268 pulsavere
814 1183 959 1259 bisulco,

100 1292 328 1379 fumificisque
345 1293 457 1357 locum
477 1290 664 1377 mugitibus
681 1290 920 1374 impleverunt.

147 1399 338 1486 Deriguere
356 1409 447 1462 metu
464 1397 621 1483 Minyae.
671 1394 770 1459 Subit
788 1395 857 1470 ille,
876 1416 940 1460 nec
957 1395 1055 1482 ignes
1101 1424 1149 1481 ης

100 1506 202 1571 sentit
217 1505 408 1579 anhelatos,
419 1513 605 1568 -tantum
623 1501 851 1566 medicamina
869 1512 1022 1585 possunt,
1034 1536 1079 1548 -

99 1611 318 1698 pendulaque
336 1609 458 1676 audaci
475 1611 602 1673 mulcet
617 1607 769 1693 palearia
787 1606 922 1682 dextra,

98 1717 359 1804 subpositosque
372 1716 458 1805 jugo
474 1715 608 1801 pondus
625 1734 732 1802 grave
749 1713 841 1800 cogit
859 1712 960 1776 aratri

98 1823 238 1900 ducere,
258 1835 290 1889 et
305 1823 474 1888 insuetum
491 1822 581 1886 ferro
598 1819 818 1908 proscindere
836 1840 1011 1904 campum.

98 1929 264 1995 mirantur
280 1928 423 1995 Colchi:
448 1928 592 2016 Minyae
610 1927 817 1996 clamoribus
835 1937 977 2014 augent,
1100 1960 1149 2000 120

97 2037 316 2124 adiciuntque
333 2037 476 2102 animos.
526 2036 637 2102 Galea
654 2048 723 2101 tum
742 2035 844 2101 sumit
860 2041 948 2100 atina
1089 2033 1090 2036 ’

95 2143 253 2229 vipereos
270 2144 403 2219 dentes,
421 2155 454 2208 et
470 2153 582 2208 aratos
601 2144 731 2231 spargit
747 2143 780 2206 in
798 2134 914 2229 agros.

96 2251 230 2316 semina
247 2253 355 2318 mollit
371 2253 495 2317 humus
511 2252 626 2316 valido
644 2252 830 2336 praetincta
847 2272 994 2327 venena,

96 2368 130 2422 et
146 2370 316 2433 crescunt,
334 2360 485 2445 fiuntque
502 2358 564 2423 sati
581 2378 670 2421 nova
688 2378 830 2441 corpora
848 2358 979 2421 dentes.

142 2462 241 2547 ans
257 2465 315 2530 ubi
332 2465 488 2530 viderunt
505 2476 710 2551 praeacutae
727 2464 877 2548 cuspidis
894 2465 1010 2530 hastas
1035 2445 1069 2472 ⁹
1093 2499 1141 2555 13¹

95 2568 131 2634 in
149 2581 251 2656 caput
268 2571 451 2637 Haemonii
464 2572 600 2660 juvenis
616 2582 772 2657 torquere
789 2582 963 2656 parantes,

95 2677 265 2742 demisere
282 2689 373 2743 metu
390 2660 588 2764 vultumque
606 2678 826 2763 animumque
844 2676 995 2764 Pelasgi.

94 2782 171 2869 ipsa
187 2805 322 2871 quoque
340 2785 506 2861 extimuit,
525 2806 613 2870 quae
630 2794 736 2848 tutum
757 2783 883 2848 fecerat
899 2784 1015 2848 illum:

94 2900 200 2976 utque
216 2892 284 2976 peti
300 2891 384 2956 vidit
395 2891 558 2979 juvenem
574 2901 622 2956 tot
640 2891 683 2954 ab
701 2890 853 2954 hostibus
870 2911 990 2965 unum,
1095 2920 1144 2976 133

94 2996 228 3080 palluit,
247 3006 279 3062 et
295 2998 404 3063 subito
422 2997 495 3062 sine
512 2996 680 3083 sanguine
698 2995 822 3083 frigida
839 2996 944 3068 sedit;

94 3123 182 3166 neve
199 3123 318 3188 parum
337 3105 473 3189 valeant
490 3125 509 3167 a
527 3125 564 3167 se
580 3104 660 3167 data
678 3103 849 3189 gramina,
869 3123 1007 3165 carmen

94 3208 262 3275 auxiliare
279 3210 381 3286 canit,
401 3221 616 3296 secretasque
634 3209 777 3272 advocat
794 3219 894 3272 artes.

93 3313 166 3390 ille,
184 3338 326 3403 gravem
342 3316 474 3381 medios
491 3315 619 3380 silicem
634 3315 804 3402 jaculatus
821 3315 856 3377 in
873 3315 1000 3390 hostes

95 3441 115 3484 a
132 3441 170 3486 se
186 3423 367 3507 depulsum
384 3421 534 3486 Martem
552 3421 717 3486 convertit
733 3421 767 3484 in
784 3420 888 3505 ipsos.
1094 3451 1143 3502 140

93 3527 288 3615 terrigenae
305 3539 448 3613 pereunt
465 3549 525 3612 per
543 3537 658 3590 mutua
675 3528 818 3592 vulnera
835 3527 967 3602 fratres,

93 3632 254 3721 civilique
271 3635 397 3699 cadunt
413 3634 498 3699 acie.
544 3633 730 3698 Gratantur
746 3631 884 3707 Achivi,

93 3739 325 3828 victoremque
341 3751 469 3816 tenent,
489 3739 665 3826 avidisque
682 3740 899 3823 amplexibus
917 3740 1071 3804 haerent.

138 3845 196 3911 Tu
211 3866 348 3935 quoque
363 3845 526 3912 victorem
543 3845 738 3931 complecti,
756 3846 916 3922 barbara,
934 3846 1062 3909 velles:
