2476 4148
109 157 202 213 x111.
216 156 293 231 210.]
414 139 450 207 T
444 135 487 206 ba
508 141 678 228 Embassy
700 149 735 208 to
765 139 801 208 T
795 163 871 228 roy.
1096 158 1159 224 123

109 347 215 423 utque
232 334 317 402 alios
332 348 479 414 taceam,
497 326 555 424 qui
572 359 714 404 saevum
730 339 874 424 perdere
891 348 1007 423 posset

112 443 278 519 Hectora,
296 466 421 531 nempe
437 446 538 510 dedi:
561 467 623 531 per
640 467 694 509 me
707 447 800 533 jacet
816 446 951 510 inclitus
969 446 1113 512 Hector.

90 588 91 591 =
109 550 178 616 illis
195 553 281 617 haec
298 553 415 628 armis,
432 553 555 639 quibus
571 564 622 617 est
638 553 794 616 inventus
811 551 979 629 Achilles,

110 679 207 722 arma
224 669 323 744 petor
347 660 425 725 vivo
441 660 617 735 dederam,
635 671 711 744 post
728 659 796 739 lata
813 680 967 744 reposco.
1113 678 1162 730 180

157 765 232 831 ‘Ut
248 767 344 830 dolor
359 767 460 830 unius
478 766 619 831 Danaos
636 766 791 851 pervenit
807 766 852 829 ad
868 777 1001 842 omneS,
1099 746 1102 753 .

109 868 310 958 Aulidaque
325 872 516 938 Euboicam
532 873 746 957 complerunt
762 872 854 936 mille
872 872 1023 949 carinae,

110 990 310 1065 exspectata
326 979 398 1053 diu,-
417 980 511 1042 nulla
528 990 586 1043 aut
601 977 771 1044 contraria
788 978 890 1043 classi

108 1084 251 1149 flamina
267 1096 358 1161 sunt,
376 1086 550 1172 duraeque
563 1085 684 1173 jubent
699 1083 966 1171 Agamemnona
984 1094 1090 1151 sortes

108 1191 315 1257 immeritam
332 1213 456 1257 saevae
473 1204 589 1256 natam
605 1204 755 1256 mactare
772 1191 920 1256 Dianae.
1111 1209 1159 1277 185

109 1300 262 1388 denegat
276 1299 343 1365 hoc
358 1299 505 1386 genitor,
524 1298 679 1386 divisque
695 1299 852 1362 irascitur
868 1298 963 1383 ipsis,

110 1418 212 1493 atque
228 1406 264 1472 in
279 1428 363 1493 rege
379 1418 494 1471 tamen
510 1419 606 1491 pater
622 1417 685 1470 est.
734 1405 812 1491 Ego
829 1405 909 1469 mite
925 1405 1077 1490 parentis

109 1513 288 1601 ingenium
303 1513 417 1579 verbis
433 1513 477 1578 ad
493 1511 632 1596 publica
648 1512 829 1577 commoda
845 1511 942 1575 verti.

109 1642 202 1686 nunc
212 1622 377 1708 equidem
394 1621 514 1695 fateor,
532 1620 692 1705 fassoque
707 1620 865 1704 ignoscat
881 1616 1041 1682 Atrides:

109 1728 283 1794 difficilem
300 1728 392 1792 tenui
410 1729 472 1792 sub
489 1727 606 1812 iniquo
619 1726 735 1814 judice
752 1746 905 1791 causam.
1111 1734 1161 1811 190

110 1837 203 1900 hunc
217 1847 338 1899 tamen.
350 1835 477 1899 utilitas
493 1833 609 1919 populi
627 1833 797 1918 fraterque
815 1831 952 1918 datique

110 1963 244 2006 summa
260 1952 373 2006 movet
389 1941 526 2026 sceptri,
542 1941 679 2006 laudem
695 1951 731 2004 ut
747 1961 825 2005 cum
843 1938 1013 2025 sanguine
1031 1948 1159 2023 penset.

109 2038 222 2113 mittor
238 2060 271 2114 et
287 2049 331 2113 ad
348 2060 506 2122 matrem,
524 2069 612 2134 quae
630 2070 698 2112 non
716 2041 897 2121 hortanda,
916 2046 978 2110 sed
995 2058 1070 2109 astu

109 2156 313 2241 decipienda
329 2155 402 2219 suit.
453 2154 534 2240 Quo
551 2155 578 2220 si
595 2155 821 2219 Telamonius
838 2153 931 2230 isset,

109 2264 194 2330 orba
210 2263 279 2328 suis
296 2275 409 2328 essent
425 2263 526 2327 etiam
544 2283 636 2326 nunc
653 2262 756 2326 lintea
772 2260 894 2325 ventis.

156 2382 166 2414 ⁴
183 2372 301 2437 Mittor
317 2385 350 2438 et
366 2373 495 2458 Iliacas
507 2373 622 2437 audax
638 2383 751 2437 orator
767 2372 810 2435 ad
829 2392 938 2446 arces,

109 2479 252 2566 visaque
269 2489 301 2545 et
317 2478 439 2544 intrata
456 2491 506 2544 est
522 2480 611 2544 altae
628 2479 711 2542 mihi
728 2478 823 2542 curia
839 2476 989 2565 Trojae:

110 2588 281 2672 plenaque
298 2587 412 2651 adhuc
428 2599 500 2651 erat
516 2586 575 2651 illa
591 2586 684 2650 viris.
734 2585 911 2650 Interritus
928 2585 985 2673 egi

110 2714 214 2778 quam
232 2693 314 2757 mihi
332 2694 510 2758 mandarat
526 2693 717 2759 communis
733 2692 880 2757 Graecia
898 2713 1052 2768 causam,

111 2819 304 2883 accusoque
321 2798 437 2873 Parin,
456 2800 689 2886 praedamque
707 2799 947 2884 Helenamque
963 2819 1120 2883 reposc0,

111 2917 145 2971 et
161 2927 282 2971 moveo
298 2906 473 2970 Priamum
492 2905 696 2992 Priamoque
712 2906 889 2973 Antenora
902 2907 1071 2994 junctum.

112 3024 146 3079 at
161 3013 258 3080 Paris
275 3025 308 3080 et
324 3016 443 3080 fratres
461 3015 566 3101 etqui
583 3035 729 3099 rapuere
747 3017 810 3079 sub
827 3016 899 3089 illo,

110 3120 170 3184 vix
186 3132 326 3187 tenuere
343 3143 522 3186 manus-
535 3121 600 3185 scis
614 3119 695 3194 hoc,
717 3119 878 3184 Menelai}
892 3118 899 3182 l
913 3157 958 3167 -
969 3118 1158 3191 nefandas3

111 3226 291 3313 primaque
308 3228 367 3291 lux
385 3229 488 3291 nostri
505 3239 616 3291 tecum
635 3226 696 3290 fuit
712 3225 770 3290 illa
788 3225 917 3310 pericli.

158 3345 166 3374 ‘
184 3333 309 3422 Longa
326 3335 452 3398 referre
470 3355 564 3398 mora
581 3345 643 3409 est,
659 3354 747 3420 quae
765 3333 973 3417 consilioque
988 3349 1160 3415 manuque

111 3441 237 3504 utiliter
253 3441 318 3505 feci
336 3440 474 3525 spatiosi
491 3451 643 3525 ternpore
659 3440 752 3504 belli.

113 3559 197 3634 post·
205 3547 296 3611 acies
314 3547 441 3631 primas
456 3547 550 3610 urbis
567 3569 604 3611 se
621 3547 798 3610 moenibus
815 3546 930 3610 hostes

113 3653 309 3718 continuere
327 3653 397 3727 diu,
417 3674 481 3717 nec
498 3653 604 3738 aperti
623 3653 720 3736 copia
739 3652 854 3715 martis

112 3759 183 3822 ulla
200 3760 281 3822 suit:
308 3759 440 3823 decimo
458 3760 594 3823 demum
613 3759 842 3844 pugnavimus
861 3779 963 3822 anno.

112 3865 195 3952 quid
211 3865 295 3928 facis
312 3865 454 3940 interea,
472 3864 530 3951 qui
548 3865 609 3940 nil,
627 3864 691 3928 nisi
703 3865 851 3949 proelia,
870 3861 980 3929 nosti?
1109 3895 1162 3950 ²19
