2476 4148
93 129 138 201 34
378 112 451 179 The
474 112 607 180 Search
630 115 678 199 os
697 111 860 178 Cadmus.
999 123 1145 196 [Mareu.
1209 214 1211 218 ὗ

94 307 138 373 ad
155 308 290 373 caelum
307 309 465 385 frontem,
483 308 670 397 mugitibus
686 307 821 393 impulit
837 327 950 371 auras.

93 425 195 500 atque
211 414 257 479 ita
275 415 462 500 respiciens
481 416 621 481 comites
638 435 701 479 sua
718 425 815 500 terga
831 420 1027 498 sequentem

93 520 285 605 procubuit,
303 531 490 607 teneraque
507 522 595 586 latus
613 519 782 586 summisit
797 518 833 583 in
850 518 969 583 herba.

138 624 293 692 Cadmus
310 627 381 714 agit
396 640 525 714 grates,
542 626 815 714 peregrinaeque
832 625 952 691 oscula
967 633 1079 692 terrae

93 732 180 819 figit,
199 742 232 797 et
247 732 382 820 ignotos
400 743 530 798 montes
548 753 718 820 agrosque
735 732 872 796 salutat.
1110 762 1143 817 25

94 858 193 904 sacra
204 837 283 925 J0vi
298 839 449 904 facturus
464 849 557 904 erat:
577 839 675 927 jubet
690 838 739 903 ire
756 837 939 916 ministros,

56 951 59 956 '
94 956 128 1009 et
143 954 258 1029 petere
275 966 294 1009 e
310 944 397 1010 vivis
413 945 571 1010 libandas
588 942 737 1011 sontibus
753 945 877 1010 undas.

94 1050 179 1114 silva
196 1061 293 1116 vetus
310 1052 422 1117 stabat
437 1051 533 1115 nulla
549 1051 675 1116 violata
693 1051 817 1127 securi,

94 1165 127 1220 et
143 1177 266 1241 specus
282 1156 317 1220 in
334 1156 459 1233 medi0,
478 1156 585 1244 virgis
603 1176 645 1220 ac
659 1156 786 1222 vimine
803 1157 943 1235 deusne,

94 1261 246 1327 efficiens
263 1262 427 1327 humilem
444 1262 597 1347 lapidum
615 1263 841 1351 compagibus
859 1286 989 1343 arcum,
1109 1294 1144 1348 30

93 1367 256 1433 uberibus
272 1368 440 1433 secundus
457 1368 567 1455 aquis,
584 1369 644 1435 ubi
662 1370 817 1436 conditus
835 1382 932 1436 antro

94 1472 241 1539 Martius
258 1474 383 1562 anguis
400 1485 484 1550 erat,
503 1474 612 1540 cristis
629 1475 822 1563 praesignis
838 1488 871 1542 et
887 1497 991 1542 auro:

94 1579 176 1667 igne
193 1580 320 1672 micant
335 1581 438 1656 oculi,
457 1602 581 1666 corpus
596 1592 703 1647 tumet
718 1603 820 1648 omne
835 1603 983 1659 veneno,

94 1696 229 1773 tresque
245 1687 381 1752 vibrant
396 1687 551 1774 linguae,
569 1688 693 1774 triplici
710 1698 800 1754 stant
816 1689 935 1754 ordine
953 1690 1084 1756 dentes.

142 1791 258 1877 Quem
274 1804 454 1879 postquam
470 1793 580 1881 Tyria
597 1796 713 1860 lucum
730 1795 773 1860 de
790 1806 892 1883 gente
909 1795 1052 1881 profecti
1109 1825 1143 1882 33

95 1898 243 1964 infausto
259 1899 401 1986 tetigere
418 1901 543 1988 gradu,
563 1901 780 1988 demissaque
796 1901 831 1965 in
847 1903 959 1968 undas

94 2025 182 2069 urna
198 2003 291 2069 dedit
306 2004 467 2082 sonitum,
486 2006 590 2094 longo
607 2018 711 2093 caput
727 2007 846 2072 extulit
862 2018 959 2074 antro

96 2110 275 2176 caeruleus
291 2131 445 2197 serpens,
465 2113 704 2199 horrendaque
721 2113 820 2179 sibila
835 2113 937 2179 misit.

96 2216 260 2282 effluxere
276 2238 384 2282 urnae
400 2218 571 2295 manibus,
590 2220 800 2307 sanguisque
816 2219 977 2307 relinquit

96 2345 233 2409 corpus,
252 2334 285 2390 et
302 2324 458 2391 attonitos
475 2325 605 2392 subitus
621 2336 747 2391 tremor
762 2337 909 2411 occupat
925 2337 1029 2393 artus.
1109 2358 1146 2411 40

95 2430 154 2496 ille
169 2430 376 2497 volubilibus
394 2452 595 2517 squamosos
612 2432 759 2497 nexibus
775 2431 876 2498 orbes

95 2547 242 2624 torquet,
260 2547 293 2602 et
308 2537 495 2618 immensos
511 2537 599 2602 saltu
615 2536 769 2602 sinuatur
784 2537 820 2602 in
837 2558 957 2603 arcus:

97 2664 139 2709 ac
155 2644 268 2711 media
284 2645 362 2731 plus
378 2655 474 2731 parte
492 2644 586 2709 leves
602 2654 735 2709 erectus
751 2643 786 2708 in
804 2665 905 2710 auras

96 2750 241 2836 despicit
255 2772 357 2817 omne
374 2772 509 2826 nemus,
527 2760 689 2836 tantoque
706 2761 757 2815 est
773 2771 928 2836 corpore,
947 2761 1074 2839 quanto

96 2858 125 2924 si
141 2868 247 2923 totum
264 2869 410 2945 spectes,
428 2857 587 2946 geminas
603 2857 661 2943 qui
678 2868 815 2941 separat
828 2855 964 2923 Arctos.

96 2985 161 3029 nec
177 2986 285 3040 mora,
304 2963 510 3040 Phoenicas,
529 2964 600 3029 sive
617 2963 667 3027 illi
683 2963 751 3027 tela
768 2964 947 3048 parabant,

96 3071 168 3135 sive
184 3070 317 3160 sugam,
336 3070 407 3136 sive
423 3070 498 3156 ipse
513 3070 613 3137 timor
629 3069 832 3156 prohibebat
848 3080 1041 3156 utrumque,

96 3187 261 3262 occupat:
287 3178 349 3242 hos
367 3198 495 3252 morsu,
513 3177 627 3264 longis
644 3176 861 3262 amplexibus
877 3176 967 3255 illos,

96 3283 159 3346 hos
176 3293 276 3347 necat
292 3283 395 3346 afflati
412 3283 545 3348 funesta
562 3284 640 3349 tabe
656 3283 792 3349 veneni.

141 3388 285 3453 Fecerat
301 3388 445 3475 exiguas
458 3388 530 3476 jam
547 3390 598 3454 sol
615 3389 798 3455 altissimus
814 3390 975 3455 umbras:
1113 3420 1148 3481 59

95 3514 184 3581 quae
202 3515 296 3558 mora
312 3493 355 3559 sit
370 3495 484 3570 sociis,
502 3496 644 3561 miratur
658 3494 823 3582 Agenore
840 3509 953 3574 natus,

96 3601 309 3688 vestigatque
325 3600 436 3666 viros:
461 3612 623 3689 tegumen
640 3601 772 3688 direpta
790 3604 898 3671 leonis

96 3707 196 3793 pellis
212 3718 296 3783 erat,
316 3708 420 3772 telum
438 3708 630 3792 splendenti
647 3709 769 3774 lancea
785 3710 875 3776 ferro

97 3825 130 3878 et
141 3813 308 3902 jaculum,
326 3814 462 3901 teloque
480 3813 614 3878 animus
630 3816 857 3902 praestantior
873 3818 978 3883 omni.
