2476 4148
73 165 203 238 x1.58.]
362 146 433 214 The
462 146 638 214 Thracian
662 146 852 212 Maenadas.
1059 158 1122 230 105

75 343 185 409 noctis
202 365 301 408 avem
318 354 461 409 cernunt
471 365 481 419 3
507 354 700 428 structoque
716 343 884 427 utrimque
902 341 1033 406 theatro
1091 369 1124 423 25

75 470 140 515 ceu
158 449 321 514 matutina
338 469 460 514 cervus
477 448 646 533 periturus
664 469 768 512 arena

75 555 205 642 praeda
221 575 346 620 canum
364 565 427 630 est,
446 566 627 639 vatemque
643 565 773 638 petunt,
793 564 826 617 et
841 553 961 618 fronde
977 552 1125 618 virentes

76 661 249 727 coniciunt
264 661 412 747 thyrsoS‚
432 682 500 725 non
518 662 605 724 haec
622 660 657 723 in
674 681 818 724 munera
835 659 954 724 factos.

76 761 143 832 hae
160 767 294 854 glebas,
313 766 392 831 illae
410 765 559 850 direptos
577 766 698 830 arbore
715 785 843 840 ramos

75 894 157 959 pars
173 883 329 957 torquent
344 871 467 936 silices.
519 870 599 935 Neu
615 870 726 935 desint
741 871 808 934 tela
826 870 944 946 furori,
1092 903 1127 956 30

75 979 161 1044 forte
176 979 282 1043 boves
298 999 416 1062 presso
434 978 639 1062 subigebant
654 998 791 1041 vomere
809 988 932 1041 terram
945 999 954 1051 ;

75 1105 141 1149 nec
156 1084 276 1168 procul
293 1083 387 1159 hinc,
406 1084 511 1148 multo
530 1084 674 1146 fructum
693 1078 817 1147 sudore
833 1095 1007 1167 paranteS,

76 1191 163 1255 dura
178 1189 337 1254 lacertosi
353 1189 528 1253 fodiebant
543 1210 625 1252 arva
643 1187 765 1253 coloni.

76 1295 217 1383 agmine
233 1294 291 1380 qui
307 1295 381 1359 viso
398 1294 546 1382 fugiunt,
565 1295 745 1380 operisque
762 1294 958 1380 relinquunt

76 1422 173 1465 arma
190 1401 264 1475 sui3
289 1420 485 1486 vacuosque
499 1400 615 1487 jacent
631 1400 784 1484 dispersa
802 1421 864 1484 per
880 1421 982 1487 agros
1092 1432 1131 1486 35,

75 1508 281 1592 sarculaque
298 1507 464 1592 rastrique
482 1526 607 1593 graves
624 1505 787 1592 longique
805 1506 951 1592 ligones.

75 1635 165 1701 quae
181 1626 362 1700 postquam
380 1633 524 1698 rapuere
541 1613 647 1688 serae,
668 1633 843 1698 cornuque
861 1612 1014 1678 minaces

75 1721 240 1786 divellere
257 1720 375 1795 boves
395 1720 438 1783 ad
454 1719 548 1783 vatis'
559 1719 628 1783 sata
645 1730 834 1794 recurrunt,
852 1712 857 1719 ’

74 1827 340 1911 tendentemque
357 1846 479 1890 manus
497 1836 598 1910 atque
615 1825 674 1890 illo
690 1837 842 1909 tempore
858 1825 1006 1910 primum

74 1933 169 1998 irrita
186 1931 369 2007 dicentem,
387 1931 651 2018 necquicquam
668 1952 753 1996 voce
770 1943 976 2007 moventem,
1091 1963 1127 2015 40

75 2038 268 2125 sacrilegae
285 2037 475 2122 perimunt3
502 2059 630 2124 perque
646 2060 698 2114 os,
716 2059 778 2123 pro
790 2037 968 2124 Juppiterl
993 2039 1090 2115 illud,

76 2144 229 2209 auditum
247 2144 340 2209 saxis
356 2144 633 2232 intellectumque
650 2145 800 2210 ferarum

75 2251 247 2326 sensibus,
265 2250 299 2314 in
316 2261 436 2316 ventos
452 2251 568 2316 anima
585 2252 745 2317 exhalata
762 2253 914 2319 recessit.

121 2356 175 2422 Te
193 2367 343 2422 maestae
358 2358 529 2433 volucres,
550 2357 706 2443 Orpheu‚
724 2370 757 2424 te
774 2360 872 2424 turba
888 2360 1052 2438 ferarum,

74 2475 109 2530 te
126 2464 228 2553 rigidi
244 2464 371 2541 silices,
388 2476 421 2530 te
439 2465 592 2530 carmina
608 2486 712 2552 saepe
730 2478 877 2533 secutae·
1092 2498 1126 2556 45

75 2571 244 2639 fleverunt
260 2575 388 2649 silvae3
414 2575 531 2660 positis
547 2585 580 2640 te
596 2573 773 2640 frondibus
790 2577 890 2642 arbos

75 2692 176 2747 tonsa
191 2703 326 2747 comam
343 2682 448 2757 luxit3
474 2684 623 2748 lacrimis
640 2705 775 2771 quoque
791 2683 934 2750 flumina
950 2683 1067 2750 dicunt

76 2786 264 2854 increvisse
280 2789 364 2864 suis,
382 2789 607 2876 obstrusaque
624 2791 768 2856 carbasa
786 2792 880 2876 pullo

77 2895 198 2960 naides
216 2905 249 2959 et
264 2896 414 2982 dryades
430 2917 618 2984 passosque
636 2897 787 2962 habuere
804 2899 960 2983 capillos.

78 3000 233 3088 membra
245 3000 361 3088 jacent
376 3001 512 3068 diversa
528 3003 634 3068 locis:
662 3015 778 3090 caput,
798 3005 929 3082 Hebre,
947 3007 1127 3093 lyramque

78 3106 230 3190 exeipis3
256 3119 301 3182 et,
320 3107 463 3172 mirum!
490 3109 603 3175 medio
619 3110 701 3175 dum
719 3112 842 3176 labitur
858 3133 973 3189 amne,

77 3211 191 3276 flebile
208 3213 322 3277 nescio
338 3214 421 3298 quid
437 3214 587 3299 queritur
603 3216 690 3301 lyra,
709 3216 822 3283 flebile
839 3217 958 3305 lingua

78 3329 268 3382 murmurat
284 3319 466 3395 exanimis,
485 3322 693 3404 respondent
708 3321 822 3388 flebile
838 3324 947 3409 ripae.

74 3421 215 3511 jamque
233 3445 327 3488 mare
343 3424 497 3489 invectae
513 3425 642 3490 flumen
659 3429 823 3513 populare
841 3429 1048 3517 relinquunt,

79 3539 111 3592 et
127 3527 398 3614 Methymnaeae
415 3531 587 3615 potiuntur
603 3532 699 3596 litore
716 3533 834 3598 Lesbi.
1095 3569 1127 3626 55

78 3634 135 3700 hic
151 3634 243 3700 ferus
260 3636 452 3720 expositum
469 3637 660 3724 peregrinis
678 3640 802 3726 anguis
819 3642 933 3708 arenis

77 3762 117 3805 os
132 3739 216 3824 petit
231 3750 264 3804 et
279 3762 416 3824 sparsos
433 3742 571 3805 stillanti
588 3764 664 3807 rore
680 3745 836 3829 capillos.

77 3845 218 3911 tandem
233 3844 395 3912 Phoebus
411 3847 518 3926 adest,
538 3869 738 3938 morsusque
753 3850 879 3918 inferre
895 3866 1074 3940 parantem
