2476 4148
87 159 128 214 V.
140 156 219 228 661.]
366 140 598 228 Triptolemus
621 141 696 207 and
714 140 868 227 Lyncus.
1101 158 1146 229 59

89 358 150 402 ros
166 335 277 410 cadit3
303 347 336 400 et
349 336 447 401 citius
463 358 567 422 quam
584 358 675 402 nunc
691 336 751 401 tibi
767 336 858 401 sacta
874 357 1026 413 renarro,
1092 353 1144 424 ⁶35

91 444 130 508 in
145 442 264 508 latices
279 452 402 506 mutor.
452 441 524 509 Sed
540 443 632 508 enim
649 443 826 530 cognoscit
841 455 972 509 amatas

93 548 205 615 amnis
222 569 343 635 aquas
361 548 539 635 positoque
555 549 620 613 viri
636 550 728 635 quod
746 560 938 633 sumpserat
954 570 1027 627 ore,

92 655 234 721 vertitur
248 656 283 718 in
299 652 468 738 propriae,
486 664 524 718 ut
539 675 575 719 se
593 654 677 719 mihi
695 654 849 730 misceat,
866 656 992 720 undas.

93 759 197 825 Delia
212 759 302 845 rupit
318 760 474 834 humum,
493 759 674 845 caecisque
690 780 758 847 ego
775 781 887 825 mersa
905 761 1061 827 cavernis

94 865 247 931 advehor
263 865 458 952 Ortygiam,
477 885 567 951 quae
584 886 639 929 me
656 866 861 952 cognomine
878 867 978 932 divae
1092 883 1145 950 640

93 981 194 1059 grata
211 992 309 1036 meae
325 991 468 1055 superas
484 969 602 1035 eduxit
618 971 729 1055 prima
746 971 810 1036 sub
827 973 954 1037 auras)

140 1076 220 1142 Hac
236 1076 410 1142 Arethusa
426 1088 538 1142 tenus.
588 1075 755 1142 Geminos
771 1077 837 1142 dea
853 1077 972 1144 fertilis
989 1100 1122 1166 angues

94 1186 249 1251 curribus
265 1185 427 1260 admovit,
445 1184 616 1271 frenisque
633 1184 784 1272 coercuit
798 1207 872 1263 ora,

94 1303 128 1358 et
142 1291 293 1358 medium
309 1291 397 1356 caeli
412 1302 591 1376 terraeque
608 1312 670 1375 per
686 1297 766 1355 aera
783 1303 881 1356 vecta
898 1303 961 1370 est,

94 1408 195 1484 atque
211 1399 323 1463 levem
339 1419 477 1463 currum
493 1397 672 1462 Tritonida
690 1396 781 1461 misit
797 1396 832 1461 in
849 1399 969 1462 urbem
1090 1416 1142 1487 645

93 1504 326 1590 Triptolem03
351 1503 541 1590 partimque
558 1503 633 1568 rudi
649 1505 729 1568 data
747 1502 880 1567 semina
892 1504 994 1591 jussit

94 1631 257 1698 spargere
273 1611 390 1686 hum0‚
409 1610 531 1694 partim
549 1622 625 1694 post
640 1620 795 1695 tempora
811 1610 917 1696 longa
934 1611 1098 1677 recultae.

91 1717 162 1805 jam
179 1737 281 1801 super
296 1716 459 1800 Europen
475 1716 630 1781 sublimis
647 1726 680 1782 et
694 1715 805 1781 Asida
822 1726 949 1780 terram

91 1833 210 1889 vectus
226 1832 298 1888 erat
310 1822 466 1910 juvenis;
492 1821 674 1909 Scythicas
691 1822 878 1888 advertitur
893 1843 984 1888 oras.

91 1950 154 1994 rex
170 1929 215 1993 ibi
232 1927 375 2014 Lyncus
391 1938 475 1993 erat.
524 1928 635 2016 Regis
652 1929 741 1994 subit
757 1929 815 1993 ille
831 1938 995 2014 penates3
1088 1946 1142 2017 650

91 2056 160 2122 qua
176 2034 301 2110 veniat,
320 2055 529 2121 causamque
544 2035 621 2099 viae
638 2057 832 2122 nomenque
848 2046 990 2122 rogatus

90 2151 125 2207 et
140 2141 297 2226 patriam,
318 2139 455 2204 ‘Patria
472 2151 523 2206 est
539 2141 652 2206 clarae
669 2142 740 2205 mrh
916 2138 1098 2217 Athenae3

90 2247 323 2332 Triptolemus
339 2267 478 2311 nomen.
526 2245 617 2311 Veni
634 2268 699 2311 nec
715 2267 830 2331 puppe
847 2267 908 2332 per
923 2246 1049 2322 undas

90 2375 156 2419 nec
172 2354 259 2439 pede
276 2375 337 2438 per
352 2365 480 2418 terras:
505 2353 612 2438 patuit
628 2352 711 2417 mihi
728 2352 866 2438 pervius
883 2353 1013 2417 aether.

91 2460 182 2525 dona
199 2459 270 2525 fero
286 2457 437 2534 Cereris,
456 2460 541 2523 latos
558 2479 647 2544 quae
665 2479 784 2543 sparsa
801 2479 863 2543 per
880 2479 984 2545 agros
1087 2476 1139 2546 655

89 2566 272 2653 frugiferas
288 2586 418 2630 messes
434 2565 664 2650 alimentaque
680 2564 774 2629 mitia
791 2565 960 2630 reddant.’

89 2673 256 2737 barbarus
272 2672 391 2737 invidit
401 2694 410 2745 3
435 2671 587 2757 tantique
603 2671 808 2759 utimuneris
826 2683 945 2738 auctor

88 2778 164 2862 ipse
180 2777 234 2853 sit,
253 2777 398 2862 hospitio
414 2777 546 2861 recipit,
565 2799 753 2865 somnoque
772 2791 953 2867 gravatum
1014 2792 1016 2796 ’

90 2883 287 2970 adgreditur
302 2884 403 2948 ferro.
453 2882 645 2949 Conantem
662 2886 770 2973 figere
788 2897 906 2972 pectus

88 2990 193 3076 lynca
209 2988 315 3054 Ceres
332 2989 422 3065 fecit,
441 3011 625 3077 rursusque
642 3013 703 3076 per
719 2997 800 3056 aera
813 2993 914 3080 jussit
1086 3012 1139 3066 660

89 3094 310 3182 Mopsopium
323 3095 485 3183 juvenem
501 3117 618 3163 sacros
634 3097 767 3186 agitare
779 3097 931 3186 jugales.
