2476 4148
99 159 164 208 120
313 138 468 226 Rz'valry
491 139 538 224 of
551 135 650 225 Ajax
673 137 747 201 aud
774 135 922 223 Ulysses.
1002 153 1148 225 [Mam

97 337 125 402 si
142 345 273 422 perstas
290 346 434 412 certare,
452 336 566 400 locum
583 333 764 399 redeamus
780 332 816 397 in
832 332 928 399 illum
942 355 951 395 z

97 443 201 507 redde
219 443 364 518 hostem,
382 442 575 526 vulnusque
591 450 700 515 tuum,
720 438 923 524 solitumque
939 437 1113 518 timorem,

97 559 173 633 post
189 548 404 634 clipeumque
421 548 501 621 late,
520 557 553 611 et
570 566 704 611 mecum
721 546 889 609 contende
907 545 969 609 sub
988 544 1059 621 illu.

97 665 132 718 at
147 666 326 738 postquam
344 653 464 737 eripui,
484 652 539 716 cui
556 650 667 717 standi
684 650 826 715 vulnera
842 649 932 716 vires
1113 667 1150 732 30

98 781 166 824 non
183 760 360 833 dederant,
379 759 472 822 nullo
488 757 640 822 tardatus
656 756 797 820 vulnere
813 755 913 842 fugit.

144 877 153 905 ⁴
171 864 299 929 Hector
316 864 424 939 adest,
443 882 628 948 secumque
645 862 727 927 deos
743 860 779 925 in
795 861 925 946 proelia
942 861 1056 946 ducit:

97 991 233 1058 quaque
250 970 329 1047 ruit,
348 992 415 1034 non
433 981 469 1033 tu
485 980 616 1033 tantum
632 966 781 1042 terreriS,
801 967 919 1046 Ulixe,

98 1077 159 1142 sed
175 1078 277 1142 sortes
294 1077 409 1152 etiam,
428 1088 558 1141 tanturn
574 1073 676 1138 trahit
692 1074 749 1138 ille
765 1074 906 1141 timoris.

98 1185 191 1248 hunc
207 1205 273 1269 ego
291 1182 502 1271 sanguineae
519 1201 682 1246 successu
699 1181 814 1247 caedis
831 1194 989 1247 ovantem
1112 1201 1148 1271 85

99 1289 253 1354 cominus
270 1288 399 1376 ingenti
417 1287 615 1372 resupinum
633 1273 789 1373 pondere*
801 1288 893 1364 fudi3

98 1397 190 1460 hunc
208 1418 274 1482 ego
290 1406 500 1481 poscentem,
520 1415 597 1458 cum
615 1415 682 1480 quo
700 1407 928 1473 concurreret,
946 1418 1036 1463 unus

99 1503 253 1580 sustinui,
273 1513 465 1588 sortemque
483 1522 595 1568 meam
610 1500 761 1577 vovistis
779 1499 919 1578 Achivi,

98 1621 131 1674 et
146 1621 278 1674 vestrae
295 1610 433 1673 valuere
449 1630 582 1694 preces.
631 1607 670 1674 Si
686 1608 848 1694 quaeritis
865 1609 966 1697 hujus

98 1716 267 1782 fortunam
285 1736 437 1802 pugnae,
456 1736 524 1780 non
541 1735 618 1780 sum
634 1725 814 1800 superatus
832 1716 875 1781 ab
891 1717 962 1783 illo.
1111 1750 1150 1806 90

98 1844 179 1888 ecce
196 1822 307 1887 serunt
322 1821 432 1887 Troes
448 1822 642 1908 ferrumque
658 1821 844 1908 ignemque
856 1822 1047 1909 Jovemque

98 1928 134 1993 in
151 1929 291 1992 Danaas
308 1929 457 1993 classes:
481 1928 541 1996 ubi
557 1950 649 1994 nunc
666 1929 834 1994 facundus
851 1929 996 1995 Ulixes?

99 2057 222 2120 nempe
240 2056 306 2122 ego
324 2035 415 2099 mille
433 2055 509 2100 meo
526 2035 657 2119 protexi
674 2048 811 2121 pectore
828 2058 976 2122 puppeS,

99 2164 195 2229 spem
212 2142 314 2208 vestri
330 2141 469 2207 reditus.
518 2141 607 2206 Date
623 2153 670 2206 tot
686 2164 748 2227 pro
765 2142 909 2208 navibus
926 2165 1032 2208 arma.

146 2260 154 2289 ‘
171 2247 276 2335 Quod
292 2247 320 2313 si
337 2269 419 2313 vera
435 2248 514 2312 licet
529 2248 613 2313 mihi
630 2248 757 2328 dicere,
775 2249 947 2335 quaeritur
964 2250 1048 2326 istis,
1078 2267 1084 2278 ·
1111 2284 1147 2338 95

99 2377 202 2443 quam
228 2355 323 2432 mihi,
342 2354 450 2442 major
474 2355 596 2432 honos
622 2355 872 2443 conjunctaque
895 2356 1006 2443 gloria
1030 2368 1147 2422 nostra

234 2474 305 2528 est:

100 2580 200 2656 atque
216 2567 311 2656 Ajax
326 2568 443 2645 armis,
462 2590 531 2634 non
547 2566 648 2633 Aiaci
665 2589 760 2634 arma
778 2579 948 2654 petuntur.

100 2675 252 2740 conferat
269 2676 320 2740 his
337 2675 475 2740 Ithacus
492 2675 662 2752 Rhesum,
681 2675 922 2762 imbellemque
939 2675 1091 2752 Dolona,

99 2782 365 2868 Priamidenque
383 2783 556 2846 Helenum
573 2793 670 2867 rapta
686 2804 765 2848 cum
782 2782 925 2847 Pallade
942 2795 1094 2868 captum.

100 2891 176 2955 luce
193 2889 278 2953 nihil
295 2900 443 2975 gestum,
462 2888 546 2952 nihil
563 2900 614 2952 est
630 2887 798 2954 Diomede
815 2901 956 2955 remoto.
1098 2923 1149 2963 100

101 2996 128 3061 si
145 2997 252 3061 semel
268 2995 332 3060 ista
348 2994 436 3060 datis
453 2994 579 3058 meritis
596 3005 664 3058 tam
682 2995 804 3060 vilibus
821 3016 931 3073 arma,
990 3040 992 3045 -

101 3101 251 3177 dividite,
271 3112 303 3166 et
319 3122 398 3186 pars
414 3100 456 3165 sit
472 3100 580 3186 major
596 3100 774 3166 Diomedis
790 3101 825 3165 in
841 3101 921 3166 illis.

100 3229 167 3294 quo
184 3218 297 3272 tamen
316 3209 403 3272 haec
419 3206 560 3271 Ithaco?
583 3207 640 3293 qui
658 3209 761 3285 clam,
779 3208 838 3295 qui
854 3230 990 3293 semper
1005 3209 1147 3284 inermis

101 3336 173 3377 rem
189 3314 288 3400 gerit,
307 3325 340 3378 et
357 3313 451 3379 furtis
468 3313 641 3377 incautum
659 3314 784 3399 decipit
800 3314 955 3383 hostem?

100 3419 174 3504 ipse
191 3419 278 3484 nitor
294 3421 415 3505 galeae
432 3420 525 3485 claro
542 3420 705 3486 radiantis
722 3422 766 3486 ab
783 3443 866 3488 auro
1099 3453 1146 3511 105

100 3525 241 3589 insidias
258 3525 390 3610 prodet,
409 3524 705 3612 manifestabitque
722 3528 895 3606 latentem,

147 3641 155 3670 ‘
172 3630 242 3695 Sed
260 3651 371 3716 neque
388 3630 568 3696 Dulichius
586 3632 649 3717 sub
665 3630 813 3699 Achillis
831 3634 965 3714 casside
980 3647 1102 3703 vertex

100 3737 252 3822 pondera
269 3743 360 3798 tanta
373 3735 470 3815 seret,
482 3757 547 3802 nec
559 3758 628 3803 non
638 3759 782 3805 onerosa
798 3741 984 3829 gravisque

99 3842 214 3908 Pelias
230 3844 328 3908 hasta
344 3853 454 3930 potest
469 3842 662 3911 imbellibus
679 3866 754 3923 esse
770 3846 920 3925 lacertis,
