2476 4148
96 130 143 219 84
394 132 465 199 Tre
493 132 710 220 Calydom‘an
732 132 849 213 Huni.
1001 150 1148 222 [Mirr-nn.

95 349 161 394 nec
177 349 295 393 mora:
318 331 400 395 dum
417 329 538 406 saevit,
556 331 639 395 dum
656 349 800 414 corpora
815 339 929 394 versat
944 327 982 396 in
997 331 1130 409 orbem,

97 434 361 522 stridentemque
377 457 467 500 novo
483 457 642 520 spumam
659 457 739 500 cum
755 433 926 521 sanguine
941 435 1067 513 fundit,

93 540 246 606 vulneris
263 553 380 607 auctor
397 544 505 618 adest,
526 543 726 628 hostemque
742 540 849 606 irritat
866 541 910 605 ad
926 540 1028 618 iram,

96 646 344 734 splendidaque
361 649 523 714 adversos
539 649 709 714 venabula
727 647 842 712 condit
858 647 893 710 in
909 667 1038 714 armos.

96 753 223 840 gaudia
239 764 404 818 testantur
420 754 503 818 socii
520 755 672 818 clamore
686 753 850 829 secund0,
1094 785 1151 839 420

96 858 337 944 victricemque
354 870 472 944 petunt
487 861 628 925 dextrae
645 859 856 946 conjungere
871 859 1043 924 dextram.

96 963 350 1050 immanemque
367 965 478 1029 ferum
495 966 600 1029 multa
616 965 736 1029 tellure
749 965 922 1051 jacentem

97 1071 258 1135 mirantes
275 1082 449 1156 spectant3
474 1092 585 1157 neque
602 1071 715 1135 adhuc
732 1070 934 1157 contingere
949 1081 1059 1138 tutum

96 1197 171 1242 esse
189 1186 320 1262 putant,
339 1177 401 1241 sed
415 1177 483 1241 tela
498 1188 613 1242 tamen
629 1197 692 1241 sua
708 1176 855 1262 quisque
872 1189 1039 1243 cruentat.

96 1282 168 1368 ipse
185 1284 273 1368 pede
289 1282 446 1367 imposito
463 1292 566 1367 caput
581 1282 753 1350 exitiabile
770 1285 905 1368 pressit,
1094 1315 1147 1371 425

97 1401 197 1476 atque
213 1389 280 1454 ita:
308 1388 436 1455 ‘Sume
454 1389 521 1453 mei
538 1389 699 1474 spolium,
717 1387 907 1464 Nonacria,
923 1388 1029 1476 juris'

96 1496 181 1562 dixit
198 1506 253 1561 ‘et
269 1495 303 1560 in
321 1506 451 1581 partem
468 1495 583 1561 veniat
599 1516 675 1560 mea
692 1495 803 1582 gloria
819 1494 959 1559 tecum.'

96 1603 248 1688 protinus
265 1602 420 1677 exuvias,
439 1601 559 1690 rigidis
575 1602 746 1667 horrentia
763 1603 865 1667 saetis

95 1720 193 1797 terga
209 1710 280 1783 dat,
298 1719 332 1774 et
347 1708 484 1796 magnis
501 1708 650 1794 insignia
666 1707 824 1773 dentibus
840 1729 913 1774 ora.

140 1815 195 1880 Illi
211 1815 359 1881 laetitiae
376 1827 426 1880 est
442 1836 519 1880 cum
537 1835 679 1879 munere
696 1814 846 1879 muneris
863 1825 981 1881 auctor
991 1837 1001 1890 ;
1093 1848 1148 1901 430

94 1921 248 1987 invidere
265 1922 335 1996 alii,
354 1933 490 2008 totoque
507 1932 579 1984 erat
595 1920 734 2007 agmine
751 1941 918 1985 murmur.

95 2029 253 2116 equibus
269 2029 399 2116 ingenti
416 2030 593 2095 tendentes
609 2027 772 2093 bracchia
789 2048 875 2093 voce

97 2135 213 2201 ‘Pone
231 2156 311 2223 age,
330 2156 394 2200 nec
409 2135 522 2200 titulos
539 2134 715 2219 intercipe,
734 2133 877 2210 semina,
895 2133 1044 2201 nostros'

93 2241 304 2307 Thestiadae
321 2242 485 2317 clamant,
506 2252 641 2306 ‘necte
658 2240 787 2305 fiducia
803 2240 934 2306 formae

94 2346 255 2433 decipiat,
273 2369 317 2413 ne
333 2348 376 2413 sit
391 2348 495 2435 longe
511 2347 571 2412 tibi
587 2357 706 2432 captus
723 2367 841 2411 amore
1091 2377 1146 2433 435

95 2466 212 2520 auctor
222 2454 250 2517 ἰ
275 2465 308 2520 et
324 2453 404 2518 huic
420 2454 574 2518 adimunt
590 2475 728 2527 munus,
741 2452 798 2540 jus
815 2452 965 2518 muneris
981 2452 1043 2517 illi.

94 2582 163 2624 non
179 2561 265 2636 tulit,
284 2571 317 2624 et
331 2560 460 2624 tumida
477 2560 638 2624 frendens
656 2559 846 2624 Mavortius
862 2559 926 2635 ira,

96 2651 263 2741 ‘Discite,
279 2677 431 2750 raptores
449 2665 569 2729 alieni'
585 2665 670 2730 dixit
688 2677 696 2705 ⁴
712 2667 862 2740 honoris,

94 2773 184 2837 sacta
201 2771 302 2835 minis
319 2783 482 2857 quantum
500 2771 623 2836 distent
635 2772 662 2846 ;’
679 2771 859 2857 hausitque
876 2771 1026 2838 nefando

94 2890 232 2963 pectora
248 2876 423 2961 Plexippi,
440 2878 487 2941 nil
503 2879 571 2942 tale
588 2877 754 2952 timentia,
770 2877 873 2964 ferro.
1091 2911 1145 2964 440

93 2982 228 3057 Toxea,
247 2983 327 3069 quid
345 2983 447 3048 faciat
463 2983 616 3058 dubium,
636 2985 827 3070 pariterque
843 2986 1015 3052 volentem

94 3089 212 3154 ulcisci
229 3090 367 3154 fratrem
384 3089 601 3175 fraternaque
616 3090 685 3154 fata
702 3090 890 3164 timentem,
934 3141 937 3147 .

94 3197 188 3279 haud
204 3197 328 3281 patitur
342 3174 498 3260 dubitare
516 3196 588 3270 diu,
607 3196 825 3282 calidumque
842 3198 947 3283 priori

95 3303 200 3366 caede
218 3302 390 3367 recalfecit
405 3301 551 3367 consorti
569 3302 737 3399 sapguine
754 3303 872 3368 telum.

90 3464 115 3487 .-
139 3408 241 3472 Dona
258 3409 359 3473 deum
375 3409 523 3493 templis,
543 3419 622 3472 nato
639 3408 778 3484 victore,
797 3410 940 3485 ferebat,
1092 3442 1145 3499 445

94 3536 172 3579 cum
189 3515 281 3578 videt
298 3515 480 3579 exstinctos
497 3514 616 3578 fratres
634 3512 783 3578 Althaea
799 3517 929 3581 referri.

94 3643 182 3708 quae
198 3623 365 3708 plangore
382 3612 468 3686 dato¹
478 3620 616 3685 maestis
633 3621 839 3686 clamoribus
857 3624 978 3687 urbem

93 3727 224 3812 implet,
243 3738 276 3792 et
291 3728 417 3792 auratis
435 3727 576 3791 mutavit
591 3727 741 3791 vestibus
759 3737 862 3793 atras.
992 3800 995 3809 ,

95 3843 128 3899 at
144 3833 243 3899 simul
260 3844 310 3900 est
327 3844 444 3900 auctor
461 3833 555 3898 necis
572 3831 696 3908 editus,
716 3831 845 3898 excidit
858 3834 972 3900 omnis
