2476 4148
46 82 49 86 ⁴
113 113 157 198 78
397 111 468 178 Tae
489 110 616 198 Flr'ght
638 111 687 198 os
699 110 881 178 Daedalus.
1019 130 1168 203 [Manu.

113 309 214 375 altius
230 307 301 397 egit
318 308 392 373 iter.
442 308 572 393 Rapidi
589 307 715 372 vicinia
732 308 813 373 solis
1115 338 1167 396 225

113 416 221 480 mollit
237 416 410 490 odoratas,
428 435 619 500 pennarum
636 414 786 489 vincula,
806 435 918 480 ceras·

111 523 292 586 tabuerant
308 542 428 586 cerae:
454 521 563 584 nudos
580 519 688 606 quatit
704 520 760 584 ille
778 520 937 596 lacertOS,

112 627 326 712 remigioque
343 648 465 691 carens
481 646 550 690 non
567 627 655 689 ullas
671 625 816 711 percipit
832 647 944 692 auras.

113 755 241 820 oraque
259 733 419 798 caerulea
436 733 582 819 patrium
600 732 783 796 clamantia
800 754 925 798 nomen

113 839 330 925 excipiuntur
346 859 448 925 aqua,
466 860 554 925 quae
571 845 701 904 nomen
713 839 815 904 traxit
831 838 962 904 abillo.
1114 870 1167 926 230

114 957 147 1010 at
163 957 259 1031 pater
274 945 407 1021 infelix,
426 966 490 1009 nec
503 944 575 1032 jam
592 956 701 1030 pater,
721 943 866 1022 ‘Icare,’
883 944 981 1022 dixit,

113 1052 259 1127 ‘Icare,’
276 1051 362 1116 dixit
379 1044 459 1115 '‘ubi
477 1049 536 1115 es?
559 1071 627 1136 qua
644 1061 676 1114 te
693 1050 835 1137 regione
851 1049 1066 1138 requiram?’

113 1156 253 1222 ‘Icare’
271 1157 417 1232 dicebat,
435 1177 566 1241 pennas
584 1157 718 1241 aspexit
733 1157 768 1220 in
784 1157 906 1222 undis:

112 1262 315 1349 devovitque
332 1283 413 1327 suas
431 1273 532 1337 arteS,
551 1282 743 1348 corpusque
759 1264 942 1348 sepulchro

112 1369 275 1443 condidit,
293 1380 327 1433 et
342 1369 441 1432 tellus
458 1390 478 1432 a
496 1369 634 1432 nomine
650 1368 740 1433 dicta
758 1369 895 1454 sepulti.
1114 1401 1165 1458 255

158 1475 394 1541 Hunc-miseri
411 1475 541 1540 tumulo
559 1486 741 1559 ponentem
759 1496 903 1560 corpora
920 1477 990 1542 nati

111 1583 251 1672 garrula
268 1583 389 1647 limoso
406 1583 581 1667 prospexit
597 1583 640 1646 ab
657 1583 743 1647 elice
759 1584 895 1668 perdix,

111 1703 145 1755 et
160 1689 285 1774 plausit
301 1689 435 1773 pennis,
454 1699 643 1774 testataque
659 1689 788 1776 gaudia
805 1700 907 1754 cantu
924 1700 996 1755 est:

111 1797 214 1860 unica
230 1806 311 1859 tunc
328 1794 489 1869 volucris,
508 1815 572 1859 nec
588 1795 661 1859 visa
678 1795 847 1880 prioribus
864 1797 975 1872 annis,

111 1902 269 1988 factaque
287 1923 395 1986 nuper
413 1895 498 1976 avis,
513 1902 657 1987 longum
673 1901 745 1977 tibi,
760 1901 930 1979 Daedale,
947 1903 1092 1968 crimen.
1112 1934 1164 1987 240

111 2029 260 2093 namque
277 2008 358 2071 huic
374 2007 570 2082 tradiderat,
590 2007 735 2072 satorum
752 2008 887 2095 ignara,
906 2009 1100 2074 docendam
1152 2064 1158 2073 .

112 2111 314 2198 progeniem
332 2131 499 2197 germana
516 2131 627 2186 suam,
646 2112 815 2176 natalibus
832 2112 917 2177 actis

111 2218 164 2284 bis
181 2239 325 2303 puerum
343 2217 446 2291 senis,
465 2217 569 2280 animi
588 2217 632 2281 ad
649 2229 832 2302 praecepta
849 2218 1000 2303 capacis.

111 2325 169 2390 ille
186 2325 288 2389 etiam
306 2324 418 2388 medio
435 2323 552 2407 spinas
568 2323 602 2386 in
620 2324 713 2407 pisce
730 2335 862 2389 notatas

111 2432 213 2496 traxit
229 2430 263 2494 in
281 2430 491 2514 exemplum,
511 2430 667 2515 ferroque
684 2429 802 2495 incidit
818 2442 918 2497 acuto
1004 2499 1006 2503 ,
1111 2461 1162 2518 245

111 2549 294 2624 perpetuos
311 2538 443 2611 dentes,
462 2548 495 2600 et
511 2557 625 2600 serrae
642 2535 791 2620 repperit
807 2558 906 2601 usum
920 2559 929 2612 3

111 2646 242 2731 primus
259 2654 291 2708 et
308 2663 352 2708 ex
368 2666 437 2707 uno
455 2644 522 2708 duo
541 2642 650 2707 ferrea
667 2642 828 2706 bracchia
847 2643 937 2708 nodo

111 2753 233 2828 vinxit,
251 2764 287 2817 ut
305 2753 439 2839 aequali
457 2751 567 2836 spatio
585 2750 786 2816 distantibus
802 2750 869 2815 illis
917 2805 920 2811 .

112 2860 219 2923 altera
236 2881 315 2944 pars
333 2869 448 2933 staret,
467 2879 547 2943 pars
565 2859 670 2922 altera
688 2859 827 2922 duceret
842 2857 973 2922 orbem.

112 2965 291 3030 Daedalus
307 2965 439 3040 invidit,
459 2986 625 3051 sacraque
642 2986 685 3028 ex
703 2985 782 3029 arce
799 2962 980 3029 Minervae
1112 2994 1165 3050 250

112 3071 332 3156 praecipitem
351 3071 452 3146 misit,
472 3072 606 3156 lapsum
625 3070 782 3135 mentitus
793 3092 802 3144 ;
828 3081 862 3134 at
876 3070 974 3133 illum

112 3200 200 3263 quae
218 3178 309 3243 favet
325 3178 486 3265 ingeniis,
507 3177 641 3261 excepit
657 3175 786 3251 Pallas,
806 3195 973 3261 avemque

113 3284 271 3359 reddidit,
290 3296 323 3349 et
340 3285 452 3350 medio
468 3284 594 3348 velavit
608 3283 644 3346 in
662 3287 742 3347 aere
759 3283 893 3366 pennis.

112 3391 173 3454 sed
191 3390 289 3477 vigor
305 3391 435 3476 ingenii
452 3391 626 3476 quondam
643 3389 771 3454 velocis
788 3388 822 3453 in
841 3389 913 3454 alas

112 3496 215 3583 inque
232 3497 338 3581 pedes
356 3497 437 3560 abiit
448 3519 456 3570 3
482 3518 605 3560 nornen
624 3496 715 3580 quod
732 3506 764 3559 et
781 3506 872 3570 ante,
891 3494 1065 3560 remansit.
1112 3527 1164 3585 255

113 3625 181 3668 non
198 3613 312 3667 tamen
330 3604 417 3667 haec
435 3603 500 3666 alte
517 3602 665 3666 volucris
682 3622 743 3664 sua
760 3622 903 3686 corpora
919 3603 1017 3678 tollit,

113 3732 178 3775 nec
195 3710 275 3774 facit
291 3709 325 3773 in
342 3709 445 3773 ramis
463 3709 598 3794 altoque
615 3707 793 3772 cacumine
811 3708 930 3773 nidos:

113 3827 252 3902 propter
267 3818 410 3880 humum
427 3814 556 3889 volitat,
575 3813 736 3899 ponitque
754 3813 788 3878 in
806 3813 944 3899 sepibus
961 3835 1041 3891 ova,
1104 3902 1105 3906 Ἰ

115 3923 312 4015 antiquique
329 3944 460 3987 memor
477 3920 594 3986 metuit
610 3920 769 3985 sublimia
786 3941 898 3986 casus.
