2476 4148
93 148 158 214 144
318 126 389 192 The
423 124 568 191 Wisdom
592 125 640 208 <ff
652 122 758 209 King
776 122 914 191 Numa.
1000 143 1144 215 [Marna

92 335 150 388 aut
167 323 344 388 hominum
362 334 464 397 certe,
484 333 554 385 tuta
570 342 646 386 esse
662 331 696 385 et
712 322 855 386 honesta
872 322 1039 401 sinamus,

92 452 178 494 neve
195 430 379 516 Thyesteis
397 430 611 493 cumulemus
628 428 761 492 viscera
778 428 918 492 mensis.

139 549 147 577 ⁶
165 535 281 622 Qum
299 537 388 599 male
405 534 609 609 consuescit,
629 555 732 620 quarn
749 555 786 597 se
803 545 900 618 parat
913 535 971 600 ille
989 535 1102 602 cruori

91 643 217 727 impius
234 645 397 716 humano,
416 641 510 705 vituli
527 641 585 726 qui
601 652 738 727 guttura
755 638 845 704 ferro

92 751 229 833 rumpit,
248 761 282 814 et
296 750 441 812 inmotas
458 748 600 832 praebet
617 745 802 832 mugitibus
820 745 940 812 aures!
1089 764 1142 834 465

92 867 149 918 aut
165 854 222 941 qui
239 856 375 940 vagitus
393 854 523 917 similes
539 852 726 937 puerilibus
744 852 893 916 haedum

91 962 247 1024 edentem
261 961 422 1048 jugulare
440 970 561 1043 potest,
581 969 639 1022 aut
656 959 734 1022 alite
751 958 857 1034 vesci,

91 1067 145 1131 cui
163 1066 256 1131 dedit
272 1067 345 1151 ipse
363 1065 478 1131 cibosl
528 1064 705 1148 Quantum
724 1075 787 1139 est,
805 1065 898 1150 quod
914 1066 1001 1132 desit
1017 1065 1052 1132 in
1068 1065 1142 1134 istis

91 1174 134 1237 ad
151 1174 290 1258 plenum
308 1170 464 1236 facinus?
487 1193 554 1256 quo
571 1172 731 1235 transitus
748 1172 828 1236 inde
845 1172 1006 1257 paratur?

89 1279 151 1344 bos
169 1290 252 1354 aret,
271 1290 329 1342 aut
347 1289 487 1342 mortem
505 1276 695 1343 senioribus
712 1276 855 1362 imputet
870 1280 991 1354 annis3
1087 1311 1142 1365 470

91 1385 292 1450 horriferum
311 1395 428 1449 contra
445 1383 582 1448 Borean
598 1384 671 1448 ovis
689 1404 784 1448 arma
802 1384 987 1458 ministret3

90 1493 196 1557 ubera
212 1493 294 1557 dent
310 1502 445 1556 saturae
462 1490 620 1555 manibus
636 1491 827 1574 pressanda
844 1491 1013 1575 capellae.

90 1599 269 1663 retiacum
286 1597 429 1683 pedicis,
448 1597 602 1682 laqueos,
623 1609 777 1682 artesque
795 1597 932 1662 dolosas

89 1705 214 1779 tollite3
239 1726 305 1769 nec
321 1705 495 1769 volucrem
512 1703 642 1768 viscata
658 1703 764 1768 fallite
781 1703 901 1790 virga3

90 1833 154 1877 nec
171 1811 359 1877 formidatis
376 1832 496 1875 cervos
513 1810 643 1874 illudite
661 1810 803 1894 pennis3
1001 1844 1005 1851 ,
1088 1841 1142 1898 475

89 1939 154 1983 nec
171 1919 279 1982 celate
296 1918 381 1982 cibis
398 1938 504 1981 uncos
521 1917 702 1982 fallacibus
719 1917 853 1983 hamos.

89 2025 220 2112 perdite
252 2024 349 2110 siqua
381 2033 517 2104 nocent,
551 2045 670 2088 verum
706 2024 794 2089 haec
832 2044 969 2111 quoque
1009 2023 1142 2110 perdite

224 2141 376 2194 tanturn:
566 2131 570 2140 '

90 2259 150 2303 ora
165 2248 288 2301 vacent
303 2237 427 2321 epulis,
446 2236 676 2323 alimentaque
693 2236 787 2301 mitia
805 2237 974 2322 carpant.'

134 2345 278 2408 Talibus
296 2356 395 2430 atque
413 2344 488 2407 aliis
504 2344 666 2408 instructo
683 2354 820 2427 pectore
837 2344 935 2408 dictis

90 2450 124 2515 in
142 2452 286 2536 patriam
303 2471 474 2515 remeasse
491 2449 616 2523 ferunt,
633 2451 789 2536 ultroque
807 2449 949 2535 petitum
988 2485 993 2493 ·
1088 2467 1144 2532 480

90 2557 265 2641 accepisse
282 2556 435 2621 Numam
453 2556 571 2641 populi
588 2555 737 2620 Latiaris
755 2557 930 2621 habenas:

90 2663 237 2750 conjuge
255 2663 311 2749 qui
329 2663 411 2726 felix
427 2664 582 2748 nympha
598 2663 811 2749 ducibusque
828 2661 993 2728 Camenis
1075 2687 1078 2691 ·

90 2770 263 2834 sacrificos
279 2769 394 2833 docuit
410 2770 505 2844 ritus
525 2780 733 2855 gentemque
750 2768 855 2833 feroci

90 2887 262 2940 assuetam
280 2876 369 2941 bello
386 2876 482 2961 pacis
498 2876 648 2940 traduxit
665 2877 708 2940 ad
727 2888 828 2940 artes·

90 2983 147 3068 qui
165 2993 343 3068 postquam
361 2982 474 3047 senior
490 3003 703 3069 regnumque
721 3001 912 3067 aevumque
928 2980 1076 3068 peregit,

91 3089 293 3153 exstinctum
311 3087 500 3173 Latiaeque
517 3109 622 3151 nurus
639 3088 852 3172 populusque
869 3086 1057 3172 Patresque

91 3196 260 3261 deflevere
277 3194 443 3258 Numam.
