2476 4148
90 138 162 194 vn.
190 133 267 210 a8o.]
412 114 484 186 Tha
505 119 631 207 Magio
658 116 851 186 Cauldron.

92 338 270 404 aeneaque
287 308 473 405 invergens
488 316 593 402 tepidi
611 315 788 382 carchesia
805 313 916 390 lactis,

90 424 197 488 verba
214 423 315 488 simul
332 424 429 497 ludit,
447 433 651 508 terrenaque
668 421 809 485 numina
827 420 919 494 civit,

90 511 360 615 umbrarumque
375 540 476 616 rogat
491 540 589 613 rapta
606 549 685 592 cum
703 529 851 615 conjuge
867 546 1000 614 regem,
1064 593 1067 597 ,

90 656 136 700 ne
152 646 336 720 properent
352 646 444 700 artus
455 617 569 701 anima.
583 634 743 698 fraudare
760 632 872 696 senili.
919 645 922 651 ’
1093 664 1145 719 ²50

137 739 311 825 Qos‘ubi
329 741 489 829 placavit,
508 740 735 826 precibusque
752 749 785 802 et
801 759 975 804 murmure
991 739 1111 825 longo,
1204 729 1207 735 ’

90 845 241 912 Aesonis
257 837 419 912 effoetum
436 846 579 934 proferri
596 865 720 929 corpus
737 845 782 909 ad
798 865 900 911 auras

87 952 201 1042 jussit,
221 952 303 1018 etin
320 950 440 1038 plenos
457 954 642 1019 resolutum
660 951 812 1016 carmine
829 971 980 1036 somnos,

92 1059 244 1124 exanimi
260 1059 407 1124 similem
423 1058 535 1124 stratis
552 1057 704 1144 porrexit
720 1056 754 1120 in
772 1057 899 1123 herbis.

92 1165 175 1229 hinc
190 1165 309 1250 procul
321 1163 534 1240 Aesoniden,
549 1164 668 1249 procul
687 1164 767 1228 hinc
779 1165 876 1253 jubet
891 1164 941 1230 ire
954 1163 1138 1239 ministros

91 1281 127 1338 et
143 1281 257 1336 monet
273 1271 409 1336 arcanis
424 1272 544 1335 oculos
560 1291 736 1335 removere
754 1271 926 1356 profanos.

78 1375 278 1463 ”diffugiunt
292 1377 397 1464 jussi3
422 1377 533 1461 passis
550 1375 678 1440 Medea
695 1377 841 1462 capillis,

91 1483 322 1547 bacchantum
339 1482 416 1559 ritu,
434 1481 621 1568 flagrantes
638 1482 756 1547 circuit
772 1504 872 1548 aras:

91 1589 346 1675 multifidasque
363 1589 457 1653 faces
472 1588 508 1651 in
525 1588 616 1653 fossa
633 1589 812 1676 sanguinis
829 1601 903 1655 atra

91 1694 230 1782 tinguit,
249 1706 282 1759 et
297 1695 456 1759 intinctas
473 1695 621 1781 geminis
638 1696 794 1760 accendit
810 1697 844 1761 in
863 1696 951 1771 aris3
1091 1710 1143 1764 260

91 1814 210 1888 terque
226 1823 343 1866 senem
361 1800 514 1876 flamma,
533 1812 583 1881 ter
600 1823 702 1888 aqua,
720 1814 771 1867 ter
787 1803 915 1868 sulfure
933 1803 1063 1866 lustrat.

138 1907 272 1972 Interea
289 1907 440 1971 validum
458 1907 566 1991 posito
584 1908 798 1973 medicamen
816 1914 903 1974 aiino

91 2013 212 2089 servet,
230 2024 264 2078 et
279 2013 426 2077 exsultat
442 2014 638 2099 spumisque
656 2015 862 2078 tumentibus
879 2015 981 2079 albet.

91 2120 163 2186 illic
180 2119 375 2184 Haemonia
392 2120 525 2184 radices
541 2122 631 2184 valle
649 2132 798 2185 resectas

92 2226 293 2312 seminaque
310 2225 477 2310 floresque
495 2237 527 2290 et
544 2247 644 2290 sucos
661 2226 812 2312 incoquit
830 2247 938 2291 acres.

93 2332 197 2398 adicit
212 2342 364 2396 extremo
382 2332 513 2416 lapides
531 2331 672 2396 Oriente
690 2333 824 2416 petitos,

92 2451 126 2505 et
141 2460 227 2526 quas
243 2437 376 2503 Oceani
393 2438 537 2501 refluum
555 2458 649 2501 mare
665 2438 748 2502 lavit
764 2458 896 2503 arenas.

93 2546 187 2612 addit
202 2556 235 2610 et
250 2556 413 2629 exceptas
430 2544 510 2628 luna
529 2554 689 2628 pernocte
706 2544 860 2629 pruinas,

92 2664 126 2718 et
141 2651 254 2739 strigis
271 2650 416 2714 infames
434 2650 516 2735 ipsis
534 2671 612 2714 cum
630 2651 789 2715 carnibus
807 2649 894 2725 alas,

91 2759 195 2847 inque
212 2758 322 2823 virum
340 2756 427 2821 soliti
444 2758 556 2820 vultus
575 2769 705 2820 mutare
722 2756 850 2821 ferinos

92 2866 246 2953 ambigui
263 2876 419 2949 prosecta
435 2863 528 2947 lupi;
553 2883 618 2927 nec
635 2863 741 2927 defuit
757 2862 828 2928 illic

92 2993 257 3060 squamea
274 2970 438 3058 Cinyphii
455 2969 565 3034 tenuis
584 2971 783 3034 membrana
802 2969 972 3056 chelydri,

93 3078 287 3164 vivacisque
300 3078 398 3166 jecur
414 3076 518 3152 cervi,
536 3076 660 3162 quibus
677 3075 817 3160 insuper
834 3076 928 3140 addit

92 3207 153 3251 ora
170 3196 339 3270 caputque
355 3205 479 3249 novem
496 3183 642 3248 cornicis
660 3184 798 3247 saecula
817 3202 953 3266 passae.

139 3290 204 3356 His
221 3302 254 3355 et
271 3289 362 3354 mille
380 3290 456 3354 aliis
473 3301 653 3377 postquam
670 3290 744 3354 sine
762 3289 900 3353 nomine
917 3288 1019 3352 rebus

93 3397 303 3484 propositum
320 3396 478 3460 instruxit
494 3396 656 3460 remorari
673 3395 820 3459 Tartara
838 3416 975 3468 munus,

94 3505 201 3569 arenti
218 3524 314 3567 ramo
327 3502 533 3590 jampridem
552 3502 640 3566 mitis
657 3501 768 3566 olivae

92 3610 209 3676 omnia
226 3609 390 3683 confudit,
409 3607 618 3693 summisque
635 3607 818 3672 immiscuit
834 3607 916 3671 ima.

93 3737 175 3782 ecce
192 3726 288 3779 vetus
305 3714 417 3778 calido
433 3723 588 3777 versatus
605 3713 709 3797 stipes
727 3718 813 3777 aeno

92 3825 130 3889 fit
145 3821 262 3886 viridis
279 3820 402 3906 primo,
422 3839 486 3882 nec
503 3819 607 3905 longo
624 3828 778 3904 tempore
796 3819 933 3884 frondes
