2476 4148
101 155 164 204 112
422 133 495 201 Tae
523 134 641 220 Ckz'ess
663 143 702 200 at
731 133 836 221 Troy.
1007 151 1152 224 [Massia

99 333 209 399 attulit
224 332 259 397 in
276 330 435 417 patriam,
454 331 719 419 conjurataeque
735 342 923 417 sequuntur

99 442 192 504 mille
208 450 310 514 rates,
329 430 508 526 gentisque
525 438 626 502 simul
643 458 826 502 commune
842 436 1028 525 Pelasgae.

98 567 163 611 nec
180 547 283 611 dilata
300 546 385 610 foret
400 545 562 619 vindicta,
581 543 645 608 nisi
663 564 813 628 aequora
829 543 925 608 saevi

99 653 191 717 invia
204 652 364 716 fecissent
379 651 483 726 venti,
503 650 699 735 Boeotaque
714 650 816 715 tellu's

99 758 226 823 Aulide
243 759 378 844 piscosa
394 778 528 842 puppes
544 756 708 821 tenuisset
723 755 842 823 ituras.
1122 794 1156 834 10

146 867 214 931 Hic
229 867 339 952 patrio
356 867 398 932 de
416 887 508 931 more
520 865 599 952 Jovi
615 885 694 930 cum
713 886 812 932 sacra
828 881 1021 953 parassent,

99 985 137 1038 ut
152 985 249 1038 vetus
266 973 421 1038 accensis
436 972 612 1037 incanduit
628 961 768 1058 ignibus
783 994 858 1050 ara,

101 1101 237 1164 serpere
255 1080 451 1144 caeruleum
469 1077 584 1141 Danai
600 1078 717 1144 videre
735 1079 920 1146 draconem

100 1185 135 1250 in
152 1187 343 1271 platanum,
362 1184 490 1269 coeptis
507 1204 597 1270 quae
614 1185 725 1250 stabat
741 1187 899 1271 proxima
916 1189 1036 1255 sacris.

101 1292 201 1356 nidus
218 1303 291 1355 erat
306 1291 483 1355 volucrum
500 1289 552 1354 bis
569 1302 728 1376 quattuor
744 1294 866 1360 arbore
883 1316 1032 1371 summa,
1122 1325 1154 1383 15

101 1418 187 1484 quas
203 1397 304 1462 simul
321 1408 355 1460 et
370 1408 512 1460 matrem
530 1397 659 1465 circum
676 1420 737 1463 sua
754 1400 881 1464 damna
897 1403 1069 1467 volantem

102 1504 263 1590 corripuit
280 1524 434 1589 serpens,
454 1504 624 1591 avidaque
642 1506 858 1571 abscondidit
874 1509 962 1572 alvo.

101 1611 306 1696 obstupuere
322 1632 454 1676 omnes.
503 1609 551 1676 At
567 1611 637 1676 veri
654 1612 816 1697 providus
833 1634 945 1701 augur

101 1718 325 1783 Thestorides
343 1717 571 1784 ‘Vincemus'
588 1718 646 1794 ait,
667 1718 851 1805 ‘gaudete‚
870 1719 1031 1809 Pelasgi:

101 1824 208 1912 Troja
226 1826 345 1900 cadet3
370 1827 430 1890 sed
447 1825 509 1889 erit
525 1825 630 1889 nostri
648 1846 743 1889 mora
760 1826 864 1913 longa
882 1827 1009 1892 laboris
1020 1828 1051 1903 3’
1120 1860 1156 1900 20

104 1943 204 2018 atque
221 1953 345 1997 novem
362 1932 518 1996 volucres
535 1930 570 1993 in
586 1930 667 1994 belli
685 1931 810 2018 digerit
826 1953 947 1998 annos.

102 2038 174 2112 ille,
191 2050 228 2102 ut
245 2048 328 2113 erat,
346 2038 473 2102 virides
490 2036 669 2121 amplexus
686 2037 721 2100 in
739 2038 860 2104 arbore
876 2060 990 2105 ramos

103 2147 140 2210 fit
155 2147 256 2232 lapiS,
275 2157 308 2212 et
324 2155 463 2230 superat
478 2143 643 2227 serpentis
660 2143 812 2231 imagine
829 2166 965 2210 saxum.

148 2252 333 2319 Permanet
348 2251 471 2317 Aoniis
487 2250 623 2317 Nereus
639 2250 808 2316 violentus
825 2252 860 2316 in
876 2254 990 2330 undis,

103 2360 262 2446 bellaque
279 2382 347 2425 non
365 2359 543 2430 transfert3
569 2367 603 2421 et
619 2368 708 2431 sunt,
727 2357 785 2444 qui
802 2379 943 2444 parcere
960 2360 1088 2449 Trojae
1121 2390 1154 2448 ²5

104 2467 305 2552 Neptunum
323 2469 477 2542 credant,
496 2466 576 2552 quia
595 2466 729 2532 moenia
746 2467 873 2532 fecerat
888 2468 976 2532 urbi.

105 2584 139 2637 at
156 2595 223 2638 non
239 2573 484 2639 Thestorides:
510 2593 575 2638 nec
592 2572 683 2636 enim
701 2572 852 2638 nescitve
867 2562 1013 2650 tacetve,

105 2679 274 2766 sanguine
291 2679 446 2765 virgineo
462 2680 668 2765 placandam
686 2678 830 2767 virginis
847 2679 933 2744 iram

105 2806 180 2851 esse
197 2785 295 2850 deae.
344 2785 528 2872 Postquam
546 2787 706 2871 pietatem
723 2785 862 2870 publica
877 2807 995 2862 causa,

105 2913 234 2978 rexque
251 2903 381 2976 patrem
398 2892 490 2966 vicit,
509 2904 708 2979 castumque
726 2892 845 2956 datura
863 2902 1019 2958 cruorem
1124 2916 1159 2978 30

104 2998 263 3063 flentibus
280 3008 358 3062 ante
375 3019 468 3061 aram
488 3000 576 3063 stetit
593 2998 777 3085 Iphigenia
795 2997 969 3074 ministris

105 3106 193 3169 victa
210 3105 275 3170 dea
292 3116 354 3179 est,
373 3105 566 3189 nubemque
583 3105 691 3169 oculis
708 3103 844 3193 objecit,
864 3114 897 3168 et
912 3103 1000 3169 inter

105 3212 254 3276 officium
270 3211 472 3296 turbamque
490 3210 577 3274 sacri
595 3232 764 3297 vocesque
782 3221 984 3296 precantum

106 3318 280 3401 subposita
297 3318 401 3381 fertur
419 3328 567 3381 mutasse
584 3316 772 3402 Mycenida
790 3337 905 3382 cerva.

106 3445 189 3509 ergo
206 3423 278 3498 ubi,
296 3443 364 3508 qua
380 3422 506 3497 decuit,
524 3423 628 3486 lenita
644 3433 695 3487 est
711 3424 818 3489 caede
835 3423 964 3499 Diana,
1125 3455 1157 3510 35

106 3541 138 3594 et
156 3529 280 3614 pariter
296 3528 466 3602 Phoebes,
485 3528 611 3613 pariter
628 3528 731 3593 maris
748 3529 797 3594 ira
815 3530 975 3604 recessit3

107 3635 277 3719 accipiunt
294 3646 411 3700 ventos
429 3655 448 3698 a
464 3646 561 3720 tergo
579 3634 671 3698 mille
688 3637 839 3712 carinae,

107 3744 280 3827 multaque
298 3762 481 3826 perpessae
498 3740 652 3827 Phrygia
669 3742 842 3824 potiuntur
858 3747 974 3808 arena.

152 3849 246 3915 Orbe
263 3849 358 3917 locus
375 3847 488 3913 medio
503 3857 555 3914 est
570 3847 656 3912 inter
671 3858 846 3934 terrasque
862 3850 1056 3939 fretumque
