2476 4148
89 152 142 206 1v.
169 151 247 225 648.]
452 135 523 202 The
551 135 660 203 Grani
681 135 797 203 Atlas
1094 156 1138 225 43

169 331 332 396 IPEREI
357 332 508 398 reserens
525 333 671 418 spolium
689 332 911 398 memorabile
928 331 1072 399 monstri

181 418 270 502 'a'e'ra
288 439 450 523 carpebat
465 450 618 504 tenerum
637 440 855 504 stridentibus
872 439 956 514 alis3

85 565 233 629 cumque
250 566 353 630 super
369 544 521 631 Libycas
537 545 645 610 victor
661 546 826 630 penderet
842 565 978 622 arenas,

85 648 263 735 Gorgonei
280 650 400 735 capitis
417 662 533 737 guttae
550 651 706 716 cecidere
723 661 897 726 cruentae,

84 775 170 841 quas
187 755 312 819 humus
329 768 490 841 exceptas
506 756 619 821 varios
637 757 801 821 animavit
816 758 850 821 in
868 779 1022 845 anguest

69 861 176 931 ,unde
197 860 357 947 frequens
373 861 432 925 illa
449 872 499 927 est
514 863 703 948 infestaque
720 873 808 927 terra
826 864 986 928 colubris.
1082 881 1136 935 620

129 967 215 1031 Inde
232 988 293 1052 per
309 967 514 1032 immensum
531 969 640 1032 ventis
658 968 871 1034 discordibus
889 982 984 1035 actus

82 1094 177 1138 nunc
194 1075 274 1149 huc,
293 1095 385 1138 nunc
399 1058 496 1149 illuc,
515 1076 676 1159 exemplo
693 1075 792 1140 nubis
811 1097 960 1161 aquosae

81 1179 202 1255 fertur,
220 1192 253 1245 et
269 1202 312 1245 ex
329 1182 397 1245 alto
413 1182 571 1246 seductas
591 1183 728 1246 aethere
745 1183 849 1268 longe

82 1286 259 1372 despectat
274 1298 394 1362 terras,
412 1297 586 1373 totumque
604 1289 799 1373 supervolat
814 1289 944 1354 orbem.

81 1403 134 1458 ter
149 1393 283 1479 gelidas
299 1391 437 1468 Arctos,
455 1403 506 1458 ter
522 1393 648 1459 Cancri
665 1395 828 1460 bracchia
843 1395 948 1461 viditt
1080 1411 1132 1483 625

82 1519 188 1584 saepe
204 1499 267 1563 sub
283 1521 440 1575 occasuS,
459 1521 563 1586 saepe
580 1512 632 1566 est
647 1502 779 1566 ablatus
792 1501 827 1565 in
844 1512 948 1567 ortus.

77 1604 219 1693 jamque
232 1606 379 1670 ⁴cadente
397 1607 465 1682 die,
483 1608 610 1672 veritus
627 1628 663 1673 se
681 1608 820 1673 credere
837 1607 940 1684 nocti,

80 1712 230 1776 constitit
248 1712 431 1798 Hesperio,
449 1714 566 1802 regnis
582 1712 745 1790 Atlantis,
762 1714 798 1779 in
815 1715 918 1790 orbe;

79 1816 314 1905 exiguamque
330 1819 413 1904 petit
428 1820 593 1906 requiem,
612 1821 692 1885 dum
710 1820 851 1885 Lucifer
866 1820 965 1908 ignes

79 1934 201 1988 evocet
216 1922 386 2001 Aurorae,
406 1947 525 1991 currus
540 1925 678 1992 Aurora
694 1928 846 1993 diurnos.
1077 1943 1130 2013 630

125 2030 195 2095 Hic
212 2031 388 2096 hominum
406 2043 546 2098 cunctos
562 2033 693 2120 ingenti
710 2054 852 2119 corpore
869 2044 1046 2119 praestans

78 2138 310 2225 Iapetionides
325 2137 425 2204 Atlas
441 2139 513 2203 suit.
563 2139 693 2204 Ultima
709 2141 809 2205 tellus

54 2305 57 2310 .
77 2267 162 2335 rege
179 2247 242 2312 sub
260 2247 325 2310 hoc
342 2255 375 2310 et
390 2255 513 2332 pontus
530 2255 614 2320 erat,
632 2246 689 2331 qui
707 2245 797 2311 Solis
815 2245 947 2310 anhelis

77 2373 230 2441 aequora
246 2352 359 2417 subdit
371 2351 480 2438 equis,
499 2361 532 2416 et
547 2352 654 2416 sessos
671 2351 798 2436 excipit
814 2372 909 2416 axes.

76 2461 172 2526 mille
189 2480 316 2548 greges
332 2458 395 2533 illi,
413 2458 620 2543 totidemque
638 2468 791 2521 armenta
808 2478 869 2541 per
885 2457 1009 2521 herbas
1074 2472 1125 2543 635

76 2567 257 2642 errabant3
284 2577 317 2630 et
333 2567 475 2629 humum
493 2563 618 2629 vicinia
634 2564 728 2627 nulla
746 2564 958 2648 premebant.

76 2674 242 2739 arboreae
258 2673 397 2738 srondes
414 2693 497 2736 auro
513 2671 668 2735 radiante
684 2671 846 2745 virentes,

75 2801 121 2845 ex
138 2802 222 2846 auro
238 2800 365 2854 ramos,
384 2800 427 2843 ex
445 2799 528 2843 auro
545 2798 648 2862 poma
664 2777 837 2863 tegebant.

123 2886 311 2972 ‘Hospes‚’
329 2887 374 2951 ait
391 2885 538 2950 Perseus
555 2883 618 2958 illi,
638 2894 721 2947 ‘seu
738 2882 848 2969 gloria
865 2882 975 2969 tangit

73 3002 108 3058 te
125 2993 262 3080 generis
279 2993 410 3080 magni,
428 2991 565 3079 generis
582 2990 665 3054 mihi
677 2989 834 3075 Juppiter
850 2998 987 3061 auctor3
1071 3004 1123 3071 640

75 3099 147 3164 sive
164 3120 201 3163 es
219 3099 356 3164 mirator
372 3119 499 3173 rerum,
518 3098 685 3161 mirabere
703 3105 855 3159 nostras:

74 3204 259 3290 hospitium
275 3205 494 3290 requiemque
512 3203 614 3290 peto!
660 3201 796 3265 Memor
812 3201 869 3264 ille
884 3209 1036 3264 vetustae
1112 3202 1127 3277 2

74 3307 173 3376 sortis
190 3321 282 3384 erat;
307 3310 450 3375 Themis
467 3311 558 3373 hanc
575 3309 716 3373 dederat
730 3307 897 3371 Parnasia
912 3317 1058 3372 sortem:

76 3416 266 3501 ‘Tempus
285 3414 380 3491 Atta,
399 3418 523 3490 veniet,
542 3427 598 3479 tua
616 3436 684 3500 quo
701 3413 900 3498 spoliabitur
915 3434 999 3477 auro

74 3523 188 3597 arbor,
207 3533 239 3586 et
255 3523 347 3601 hunc
364 3522 512 3606 praedae
528 3521 660 3585 titulum
674 3520 760 3606 Jove
776 3531 875 3584 natus
893 3517 1054 3583 habebit.'

72 3627 108 3694 id
125 3640 292 3703 metuens,
311 3627 427 3692 solidis
444 3627 597 3712 pomaria
614 3627 783 3690 clauserat
797 3624 897 3690 Atlas

73 3735 265 3807 moenibus,
284 3744 317 3798 et
332 3743 427 3799 vasto
444 3733 585 3796 dederat
601 3732 769 3796 servanda
786 3732 938 3806 draconi,

74 3838 279 3924 arcebatque
297 3837 367 3903 suis
385 3848 544 3900 externos
561 3835 685 3900 finibus
702 3855 835 3900 ornnes.
