2476 4148
114 131 158 205 70
347 119 417 186 Tae
438 121 711 187 Enchantments
734 125 783 208 of
794 121 934 188 Medea.
1017 139 1164 212 [Maean.

113 315 239 381 obstitit
264 317 399 402 incepto
428 319 558 402 pudor3
586 330 620 383 at
637 319 818 404 complexa
834 317 971 396 fuisses,
1116 351 1164 408 145

113 423 174 487 sed
192 434 237 499 te,
255 445 299 488 ne
316 425 459 500 faceres
478 425 584 489 tenuit
600 426 789 490 reverentia
807 426 934 489 famae.

113 530 204 615 quod
222 530 311 604 licet,
331 531 465 595 adfectu
481 531 580 596 tacito
597 531 747 606 laetaris,
767 531 910 617 agisque

113 636 321 701 carminibus
338 648 452 723 grates
469 647 503 701 et
519 637 571 701 dis
589 637 782 701 auctoribus
800 638 934 700 horum.

157 742 365 829 Pervigilem
383 755 537 827 superest
554 742 668 808 herbis
686 742 797 827 sopire
814 742 1013 821 draconem,

112 849 170 935 qui
187 849 287 912 crista
304 848 500 935 linguisque
517 849 623 913 tribus
644 849 837 936 praesignis
854 861 887 915 et
902 851 1001 916 uncis
1114 882 1164 938 150

112 954 270 1018 dentibus
287 955 477 1019 horrendus
494 965 608 1019 custos
625 965 698 1019 erat
715 953 829 1020 arietis
846 959 952 1024 aurei.

112 1061 204 1124 hunc
217 1071 400 1152 postquam
419 1059 541 1144 sparsit
559 1060 705 1125 Lethaei
723 1062 879 1148 gramine
896 1062 982 1138 suci,

110 1167 282 1252 verbaque
299 1178 349 1231 ter
366 1167 450 1231 dixit
467 1167 622 1251 placidos
640 1167 799 1232 facientia
815 1189 965 1245 somnos,

110 1293 198 1359 quae
217 1294 310 1336 mare
326 1274 510 1348 turbatum,
529 1275 617 1358 quae
635 1273 768 1338 concita
784 1274 927 1339 flumina
943 1275 1085 1341 sistunt:

110 1400 250 1444 somnus
268 1379 302 1442 in
319 1380 454 1466 ignotos
472 1380 589 1444 oculos
608 1380 669 1445 sibi
686 1381 791 1456 venit,
811 1391 844 1445 et
861 1402 944 1446 auro
1113 1413 1160 1469 155

110 1487 211 1550 heros
227 1485 400 1551 Aesonius
417 1486 562 1570 potitur;
588 1488 766 1573 spolioque
784 1488 964 1572 superbus,

110 1593 259 1657 muneris
277 1603 449 1657 auctorem
468 1614 599 1670 secum,
617 1594 725 1679 spolia
744 1594 863 1671 altera,
882 1607 1035 1679 portans,

107 1698 215 1764 victor
232 1698 398 1763 Iolciacos
415 1699 525 1786 tetigit
542 1721 619 1765 cum
637 1701 784 1787 conjuge
802 1711 929 1787 portus.

155 1804 371 1868 Haemoniae
388 1816 513 1870 matres
529 1827 591 1890 pro
608 1807 720 1893 gnatis
737 1807 827 1871 dona
845 1807 989 1892 receptis

108 1911 365 1998 grandaevique
383 1912 495 1975 ferunt
511 1922 638 1996 patres,
657 1924 889 1998 congestaque
906 1912 1047 1978 flamma
1108 1931 1158 1986 160

106 2029 183 2082 tura
199 2016 433 2104 liquefaciunt,
453 2017 659 2103 inductaque
677 2019 836 2083 cornibus
854 2039 974 2083 aurum

106 2126 245 2190 victima
261 2137 338 2190 vota
357 2124 459 2188 cadit.
508 2123 578 2189 Sed
596 2126 692 2190 abest
708 2125 922 2211 gratantibus
937 2124 1071 2204 Aeson,

102 2231 173 2320 jam
192 2232 329 2319 propior
346 2232 425 2305 let0‚
444 2231 621 2316 fessusque
638 2232 801 2296 senilibus
819 2232 930 2296 annis.

105 2360 184 2403 cum
202 2338 251 2404 sic
267 2338 481 2403 Aesonides:
510 2337 566 2402 ‘O
583 2337 636 2401 cui
654 2338 779 2402 debere
797 2337 941 2402 salutem

105 2447 281 2520 confiteor,
300 2446 462 2532 conjunx,
481 2465 688 2530 quamquam
707 2443 790 2506 mihi
807 2454 928 2508 cuncta
945 2443 1081 2520 dedisti,
1104 2461 1154 2532 165

105 2553 317 2638 excessitque
334 2555 436 2617 fidem
456 2551 652 2614 meritorum
669 2570 803 2614 summa
820 2560 975 2614 tuorum:

105 2658 132 2721 si
149 2669 264 2722 tamen
275 2660 340 2724 hoc
356 2670 497 2743 possunt
513 2657 612 2744 (quid
627 2657 717 2720 enim
732 2658 800 2720 nori
813 2656 965 2719 carmina
979 2658 1109 2741 possint
1117 2657 1151 2743 Ρ)

105 2764 203 2828 deme
223 2765 308 2829 meis
326 2766 436 2840 annm,
456 2776 489 2829 et
506 2766 661 2847 demptos
679 2763 767 2827 adde
785 2763 916 2846 parenti
929 2763 959 2824 :’

104 2893 168 2935 nec
184 2872 290 2935 tenuit
306 2872 478 2935 lacrimas.
529 2871 625 2935 Mota
644 2881 694 2934 est
711 2869 835 2953 pietate
852 2869 1016 2955 rogantis,

101 2978 371 3065 dissimilemque
389 2979 540 3041 animum
558 2977 658 3042 subiit
675 2974 785 3039 Aeeta
802 2974 951 3039 relictus.
1103 3005 1154 3059 170

149 3082 225 3149 Nec
241 3095 355 3149 tamen
372 3083 514 3148 affectus
531 3085 615 3147 tales
633 3082 802 3157 confessa,
823 3079 972 3166 ‘Quod’
987 3080 1097 3168 inquit
1150 3130 1153 3135 .

104 3191 255 3256 ‘excidit
270 3213 327 3255 ore
345 3191 413 3274 piu,
433 3190 596 3277 conjunx,
615 3188 750 3254 scelus?
774 3209 858 3275 ergo
876 3209 942 3274 ego
959 3188 1119 3276 cuiquam

103 3317 203 3381 posse
219 3308 297 3361 tuae
314 3297 430 3361 videor
447 3296 592 3381 spatium
610 3295 837 3360 transcribere
854 3292 967 3358 vitae?

102 3423 167 3466 nec
184 3403 272 3466 sinat
288 3404 354 3466 hoc
371 3401 517 3478 Hecate,
534 3422 599 3465 nec
614 3411 650 3465 tu
666 3401 752 3485 petis
769 3420 889 3486 aequa.
939 3398 1010 3465 Sed
1026 3399 1104 3476 ist0,

103 3510 193 3594 quod
211 3509 310 3593 petis,
330 3508 488 3592 experiar
504 3507 613 3595 majus
631 3508 712 3572 dare
729 3529 868 3582 munuS,
887 3507 1001 3572 liison.
1102 3536 1151 3593 173

103 3625 174 3677 arte
192 3634 268 3677 mea
286 3613 394 3678 soceri
411 3613 554 3697 longum
570 3611 811 3696 temptabimus
831 3631 969 3686 aevum,

102 3741 171 3783 non
189 3719 286 3785 annis
303 3738 462 3783 revocare
479 3717 563 3782 tuis:
590 3717 690 3781 modo
706 3716 786 3779 diva
801 3716 962 3782 triformis

80 3853 83 3858 ·
103 3827 252 3916 adjuvet,
272 3837 305 3892 et
320 3845 484 3912 praesens
501 3823 684 3887 intentibus
701 3822 830 3887 adnuat
845 3822 937 3887 ausis
953 3821 962 3850 '
