2476 4148
102 144 166 213 128
324 143 479 230 Rzaalry
502 144 551 229 os
563 141 662 231 Asizx
684 142 758 208 aad
785 140 933 228 Ulysses.
1007 154 1152 231 [prm.

100 364 189 429 quae
206 341 270 406 nisi
287 340 458 417 fecissem,
477 341 601 407 frustra
617 341 808 407 Telamone
825 346 959 407 creatus

100 460 269 536 gestasset
284 449 383 513 laeva
400 459 575 513 taurorum
591 458 728 534 tergora
745 457 889 531 septem.

100 555 159 618 illa
177 565 276 619 nocte
293 554 377 620 mihi
393 554 521 641 Trojae
537 553 678 618 victoria
695 563 792 639 parta
809 563 879 618 est:

100 660 273 747 Pergama
291 672 372 726 tunc
388 660 467 734 vici,
486 681 564 725 cum
580 659 672 724 vinci
690 681 789 744 posse
806 658 917 746 coegi.

147 775 156 804 ⁴
174 764 303 830 Desine
319 765 482 850 Tydiden
499 765 662 849 vultuque
678 773 712 828 et
728 784 901 831 murmure
917 761 1017 829 nobis
1101 793 1154 850 350

100 883 270 936 ostentare
288 892 424 936 meum:
448 892 528 956 pars
545 882 674 935 estsua
692 870 803 934 laudis
818 869 852 935 in
870 870 941 935 iliu.

100 999 166 1042 nec
182 990 230 1050 tu,
248 999 328 1041 cum
344 977 437 1043 socia
453 977 603 1061 clipeum
619 999 681 1062 pro
698 976 808 1041 classe
824 976 978 1052 tenebar,

100 1085 194 1149 solus
211 1105 309 1149 eras:
333 1084 393 1154 tibi
409 1084 509 1148 turba
526 1104 654 1157 comes,
673 1081 758 1146 mihi
775 1081 916 1169 contigit
930 1104 1041 1158 unus;

100 1189 159 1276 qui
175 1190 240 1257 nisi
258 1211 453 1276 pugnacem
472 1189 572 1254 sciret
588 1188 741 1273 sapiente
758 1188 925 1253 minorem
989 1242 992 1247 .

101 1317 189 1369 esse,
209 1317 274 1360 nec
290 1295 475 1361 indomitae
492 1294 610 1361 deberi
627 1293 781 1379 praemia
797 1294 952 1369 dextrae,
966 1352 968 1357 .
1099 1321 1151 1380 353

100 1400 175 1487 ipse
190 1423 326 1489 quoque
343 1402 431 1469 haec
446 1412 595 1487 peteret3
621 1410 751 1485 peteret
766 1399 972 1465 moderatior
986 1397 1096 1487 Ajax,
1147 1442 1150 1447 -

101 1507 370 1595 Eurypylusque
388 1508 498 1583 serox,
516 1509 679 1592 claroque
696 1504 941 1572 Andraemone
957 1516 1079 1581 natus3

100 1636 166 1680 nec
183 1616 296 1680 minus
313 1615 532 1689 Idomeneus,
552 1614 730 1699 patriaque
746 1624 881 1679 creatus
896 1612 1019 1678 eadem

102 1721 277 1789 Meriones
290 1745 298 1797 3
323 1732 454 1808 peteret
469 1720 609 1810 majoris
626 1719 730 1787 irater
745 1717 910 1787 Atridaez

100 1829 227 1914 'quippe
244 1829 480 1904 manufortes,
499 1848 564 1896 nec
580 1838 659 1893 sunt
675 1826 758 1892 mihi
775 1839 884 1892 marte
899 1824 1056 1904 secundi,
1097 1839 1153 1914 360

101 1935 250 2000 consiliis
268 1956 403 2000 cessere
420 1934 519 2000 meis.
568 1934 649 1999 Tibi
666 1933 807 2000 dextera
823 1933 914 2000 bello

99 2040 212 2104 utilis:
236 2041 414 2128 ingenium
432 2053 494 2116 est,
513 2041 606 2126 quod
624 2052 703 2128 eget
719 2041 953 2107 moderamine
969 2050 1095 2107 nostro.

100 2157 137 2210 tu
153 2146 243 2210 vires
259 2147 332 2217 sine
350 2157 462 2213 mente
479 2147 594 2234 geris:
619 2146 703 2212 mihi
721 2167 803 2212 cura
820 2147 934 2213 futuri.
1044 2151 1047 2155 ’

100 2263 137 2317 tu
153 2274 308 2340 pugnare
326 2265 443 2338 potes:
467 2253 648 2340 pugnandi
664 2244 819 2339 tempora
835 2274 971 2318 mecum

102 2359 198 2446 eligit
213 2359 364 2427 Atrides.
411 2359 467 2425 Tu
484 2370 616 2426 tantum
633 2379 776 2444 corpore
793 2361 939 2444 prodest
1100 2376 1150 2448 3⁶5

101 2487 164 2530 nos
181 2467 306 2531 animo·
355 2464 564 2552 Quantoque
580 2477 688 2530 ratem
705 2466 764 2551 qui
779 2476 960 2550 temperat,
978 2465 1085 2533 anteit

101 2572 242 2658 remigis
259 2571 422 2647 officium,
439 2584 565 2657 quanto
583 2572 655 2647 dux
670 2573 776 2637 milite
794 2572 916 2662 major,

101 2688 232 2741 tanturn
249 2698 316 2764 ego
332 2688 364 2743 te
381 2699 516 2762 supero.
566 2678 644 2744 Nec
661 2679 781 2744 nonin
798 2699 941 2764 corpore
957 2691 1072 2746 nostro

101 2795 240 2872 pectora
256 2794 334 2850 sunt
349 2785 479 2868 potiora
497 2806 621 2849 manu:
647 2785 746 2872 vigor
762 2785 875 2851 omnis
890 2785 926 2851 in
942 2785 1020 2852 illis.

148 2888 220 2954 ‘At
236 2911 309 2965 vos,
327 2889 360 2955 Ο
376 2912 547 2976 proceres,
565 2891 663 2979 vigili
680 2895 758 2957 date
776 2892 929 2978 praemia
944 2905 1079 2960 vestro:
1099 2924 1150 2980 370
1193 2876 1195 2882 ’

102 3018 232 3082 proque
248 3007 296 3063 tot
312 3017 478 3062 annorum
495 3018 590 3074 cura,
609 3000 733 3084 quibus
750 3000 875 3066 anxius
892 3000 963 3088 egi,

101 3104 194 3167 hunc
210 3104 341 3169 titulum
360 3105 487 3171 meritis
503 3107 720 3190 pensandum
737 3108 868 3172 reddite
885 3106 1016 3174 nostris.
1045 3125 1048 3129 ’

97 3209 170 3298 jam
186 3210 282 3274 labor
297 3211 333 3274 in
349 3211 416 3277 fine
433 3224 504 3277 est:
529 3213 701 3278 obstantia
718 3213 787 3278 fata
802 3214 945 3290 removi,

101 3316 237 3402 altaque
253 3338 354 3402 posse
371 3318 448 3403 capi
466 3319 624 3384 faciendo
642 3317 827 3405 Pergama,
845 3319 935 3405 cepi.

100 3442 163 3507 per
177 3443 257 3509 spes
273 3444 365 3488 nunc
383 3426 508 3499 socias,
527 3445 718 3510 casuraque
736 3426 873 3490 moenia
887 3426 1032 3504 Troum,
1099 3458 1150 3514 375

100 3549 228 3616 perque
245 3529 327 3595 deos
344 3554 416 3607 oro,
434 3552 520 3616 quos
537 3529 624 3594 hosti
641 3551 751 3614 nuper
767 3532 893 3608 ademi,

100 3657 162 3721 per
177 3634 289 3722 siquid
306 3649 473 3721 superest,
492 3637 584 3722 quod
601 3636 644 3700 sit
659 3637 833 3720 sapienter
848 3638 1037 3725 agendum,
1048 3675 1095 3688 -

100 3739 128 3806 si
144 3741 226 3827 quid
244 3744 358 3807 adhuc
375 3742 502 3812 audax,
521 3763 564 3805 ex
582 3741 828 3828 praecipitique
846 3743 1029 3827 petendum
1047 3755 1110 3818 est,

100 3849 129 3923 si
145 3848 272 3935 Trojae
289 3848 365 3913 satis
383 3847 512 3934 aliquid
528 3861 656 3912 restare
672 3849 810 3932 putatis,
821 3886 867 3899 -·
