2460 4140
98 139 148 192 IV.
166 152 205 202 ro,
220 135 275 206 86.]
371 114 442 180 The
463 114 576 183 Poec’s
598 78 944 208 Autobtbgraphy
1086 108 1147 186 181

96 318 287 384 Successor
305 313 367 378 fuit
385 312 442 376 hic
458 310 529 385 tibi,
550 310 672 385 Galle3
696 308 894 394 Propertius
910 307 958 370 illi
971 329 990 381 ;Δ

143 425 295 510 Quartus
314 421 357 483 ab
376 419 428 487 bis
445 419 532 485 serie
549 416 710 499 temporis
725 415 800 499 ipse
818 415 878 479 sui.

96 533 210 619 thue
227 553 294 619 ego
312 527 472 613 majores,
493 524 542 589 sic
560 545 614 587 me
631 524 768 589 coluere
785 520 946 596 minores,
1117 549 1148 605 55

143 637 303 722 Notaque
320 654 389 699 nou
408 629 503 693 tarde
522 628 612 695 sacta
628 626 755 691 Thalia
773 647 849 691 mea
867 636 929 691 est.

15 817 18 821 ,
97 743 262 826 Carmina
278 764 356 808 curn
373 739 523 825 primum
540 736 668 821 populo
681 733 848 820 juvenilia
864 732 949 821 legi,

143 850 258 915 Barba
275 860 406 915 resecta
423 845 506 914 mihi
523 843 619 911 bisve
635 842 787 906 semelve
803 841 878 906 suit.

82 955 257 1020 'Moverat
271 954 457 1042 ingenium,
467 963 573 1019 totam
591 960 727 1039 cantata
742 971 805 1035 per
821 950 954 1017 Urbem

143 1062 294 1126 Nomine
311 1083 378 1126 non
396 1082 477 1128 vero
495 1058 585 1123 dicta
604 1056 756 1121 Corinna
774 1056 871 1122 mihi.
1115 1076 1150 1129 60
1173 1101 1174 1105 ,

99 1169 212 1236 Multa
228 1168 366 1254 quidem
382 1165 502 1252 scripsi
515 1186 524 1238 3
551 1164 614 1233 sed
629 1185 718 1250 quae
734 1163 857 1234 vitiosa
872 1164 1003 1250 putavi,

143 1274 381 1341 Emendaturis
398 1272 537 1360 ignibus
548 1271 627 1356 ipse
645 1270 740 1336 dedi.
964 1272 1147 1359 [cremavi‚

98 1380 200 1444 Tunc
236 1402 385 1467 quoque,
430 1400 509 1445 cum
549 1378 720 1465 sugerem,
759 1378 944 1464 quaedam,
980 1380 1148 1464 placitura

141 1487 250 1550 iratus
267 1487 379 1552 studio
396 1485 674 1570 carminibusque
691 1483 790 1551 meis.

96 1593 205 1659 Molle
223 1593 425 1677 Cupidineis
443 1613 508 1656 nec
523 1592 795 1679 inexpugnabile
812 1591 903 1658 telis·
949 1583 952 1588 ’
1053 1580 1057 1585 ’
1114 1609 1147 1678 65

141 1699 211 1764 Cor
228 1699 324 1773 mihi,
344 1700 501 1784 quodque
518 1699 603 1778 levis
620 1719 724 1775 causa
742 1710 906 1774 moveret,
925 1708 1009 1766 erat.

98 1805 187 1870 Cum
205 1817 320 1871 tamen
337 1805 393 1871 hic
409 1827 534 1880 essem,
553 1805 762 1893 minimoque
780 1807 990 1874 accenderer
1005 1806 1102 1895 igne,
1139 1870 1142 1879 f

140 1911 290 1976 Nomine
307 1912 371 1976 sub
388 1923 503 1977 nostro
519 1912 637 1993 sabula
654 1914 748 1977 nulla
765 1913 840 1982 suit.

97 2018 213 2082 Paene
230 2018 312 2081 mihi
330 2041 438 2105 puero
452 2039 518 2087 nec
535 2020 643 2107 digna
659 2040 724 2086 uec
740 2021 831 2098 utilis
848 2042 936 2086 uxor

139 2124 201 2189 Est
217 2126 308 2199 data,
327 2146 415 2211 quae
431 2136 567 2209 tempus
584 2147 645 2210 per
660 2127 764 2192 breve
781 2139 888 2212 nupta
905 2128 977 2192 suit.
1114 2156 1148 2211 70

94 2230 148 2297 Illi
166 2230 340 2305 successit,
360 2231 521 2318 quamvis·
532 2231 609 2297 sine
624 2231 767 2296 crimine
785 2233 951 2319 conjunx,
983 2277 985 2282 s

139 2336 220 2401 Non
237 2347 352 2399 tamen
368 2336 403 2399 in
419 2346 535 2418 nostro
550 2337 650 2412 firma
667 2338 779 2403 futura
794 2348 887 2408 toros

93 2442 236 2525 Ultima²
254 2463 342 2528 quae
358 2463 494 2524 mecum
511 2464 605 2529 seros
621 2443 810 2528 permansit
825 2444 860 2524 in
879 2465 1000 2522 annos,
1040 2519 1041 2523 ,
1132 2477 1134 2481 ⁷

138 2549 306 2613 Sustinuit
322 2548 473 2637 conjunx
490 2551 619 2617 exsulis
636 2572 713 2618 esse
728 2550 812 2631 viri„
880 2592 883 2596 ι
960 2601 962 2604 ⁴
1023 2599 1025 2602 ι

92 2654 181 2719 Filia
200 2678 253 2720 me
270 2677 346 2720 mea
363 2656 415 2725 bis
432 2659 543 2741 prima
560 2656 709 2737 secunda
722 2658 879 2746 juventa,
943 2682 945 2687 ·
1044 2727 1047 2733 ,
1112 2691 1145 2748 75

137 2762 208 2826 Sed
225 2785 293 2826 non
311 2784 354 2826 ex
370 2784 440 2827 uno
457 2763 618 2850 conjuge,
637 2764 717 2830 fecit
733 2785 837 2831 avum
849 2789 864 2846 ς.
903 2811 907 2819 ,
1032 2844 1041 2861 Ν

93 2867 136 2930 Et
148 2868 220 2951 jam
239 2869 425 2951 complerat
441 2870 576 2954 genitor
593 2892 656 2937 sua
673 2871 756 2949 fata,
774 2894 968 2960 novemque

137 2969 328 3035 Addiderat
345 2973 457 3038 lustris
475 2976 582 3041 altera
600 2965 860 3056 lustranovem.
929 2964 944 3031 s

92 3076 172 3140 Non
191 3077 286 3142 aliter
302 3077 393 3154 flevi,
412 3100 517 3164 quam
538 3102 593 3146 me
609 3082 749 3151 fleturus
767 3085 964 3171 ademptum

135 3182 197 3247 Ille
215 3184 287 3247 fuit.
339 3184 449 3248 Matri,
465 3188 622 3272 proxima
633 3189 726 3277 justa
743 3191 815 3255 tuli.

89 3289 224 3355 Felices
242 3293 343 3357 ambo
362 3298 632 3383 tempestiveque
649 3298 786 3384 sepulti,
952 3373 955 3377 ¹

133 3394 224 3460 Ante
242 3399 333 3463 diem
353 3423 486 3486 poenae
503 3405 594 3490 quod
610 3397 742 3490 periere
760 3403 880 3471 meae!
982 3450 988 3474 ⁴-
1007 3454 1009 3458 -

89 3501 149 3565 Me
166 3526 300 3591 quoque
320 3510 467 3587 felicem,
485 3514 578 3599 quod
595 3534 662 3579 non
679 3513 872 3596 viventibus
884 3513 956 3596 illis

133 3608 218 3675 Sum
238 3617 355 3693 miser,
376 3629 408 3681 et
424 3618 466 3685 de
485 3641 538 3685 me
555 3621 647 3704 quod
664 3620 803 3687 doluere
820 3621 918 3687 nihil.
1007 3669 1010 3674 -

88 3718 125 3782 Si
142 3733 257 3788 tamen
277 3725 451 3792 exstinctis
468 3726 597 3812 aliquid
614 3727 679 3796 nisi
696 3729 835 3806 nomina
852 3739 968 3815 restat,
1107 3750 1152 3819 85·

132 3828 174 3894 Et
192 3831 332 3918 gracilis
348 3842 492 3915 structos
509 3831 629 3921 effugit
644 3835 909 3924 umbramgos3
