2476 4148
101 133 166 220 178
474 137 623 205 Skorter
645 140 781 205 Poems.
1013 154 1165 226 [Trusrm.

100 332 236 418 Perque
256 353 363 398 novos
380 345 501 418 pontes
518 336 633 400 subter
649 336 843 401 labentibus
858 334 960 400 undis

147 438 288 503 Ducunt
306 437 488 502 Sarmatici
505 441 652 504 barbara
669 442 821 526 plaustra
838 441 956 505 boves.

99 544 170 610 Vix
188 545 346 632 equidem
368 545 510 608 credar:
536 547 596 610 sed
614 567 692 610 cum
711 547 777 610 sint
793 546 947 631 praemia
964 544 1041 610 falsi
1123 577 1155 632 35

146 651 266 728 Nulla,
284 662 393 715 ratam
413 652 514 715 debet
530 651 623 717 testis
640 653 767 717 habere
784 653 900 716 fidem.

102 757 261 823 V1dimus
278 758 451 846 ingentem
472 757 586 843 glacie
603 758 788 822 consistere
805 769 960 843 pontum,

146 863 365 951 Lubricaque
383 864 529 928 inmotas
548 874 632 926 testa
650 865 826 948 premebat
842 885 964 949 aquas.

101 970 178 1035 Nec
195 970 320 1036 vidisse
337 983 389 1036 sat
405 983 475 1036 est:
501 970 625 1035 durum
643 970 854 1033 calcavimus
871 989 1011 1055 aequor,

145 1077 317 1163 Undaque
335 1099 403 1142 non
419 1078 487 1142 udo
504 1076 567 1140 sub
584 1075 673 1160 pede
690 1096 824 1138 summa
842 1075 915 1139 fuit.

101 1181 139 1247 Si
156 1184 215 1247 tibi
232 1184 299 1248 tale
316 1183 438 1248 fretum
454 1184 641 1269 quondam,
660 1179 835 1256 Leandre‚
854 1181 986 1257 fuisset,

146 1288 227 1353 Non
244 1289 330 1354 soret
346 1302 513 1375 angustae
530 1310 621 1353 mors
637 1299 695 1352 tua
713 1287 843 1351 crimen
861 1307 984 1373 aquae.

101 1392 193 1458 Tum
212 1416 323 1481 neque
340 1417 376 1480 se
392 1395 497 1480 pandi
515 1405 656 1479 possunt
673 1393 854 1479 delphines
871 1394 906 1458 in
924 1413 1026 1458 auras

103 1557 105 1561 ,
124 1556 128 1561 ,
144 1500 304 1565 Tollere:
329 1513 492 1566 conantes
509 1502 593 1565 dura
611 1506 747 1573 coercet
764 1500 887 1571 hiems.

100 1604 145 1670 Et
160 1607 316 1692 quamvis
333 1605 462 1670 Boreas
475 1606 610 1694 jactatis
627 1607 761 1671 insonet
778 1606 854 1682 alis,

145 1711 286 1777 Fluctus
315 1711 351 1775 in
378 1712 517 1777 obsesso
534 1713 670 1799 gurgite
687 1713 802 1777 nullus
819 1713 902 1787 erit3

100 1817 324 1903 inclusaeque
341 1820 423 1905 gelu
440 1820 588 1894 stabunt,
607 1830 643 1883 ut
660 1841 842 1895 marmore,
862 1840 1010 1906 puppes,

79 1956 87 2004 j
145 1923 223 1989 Nec
239 1924 360 2009 poterit
376 1925 506 2010 rigidas
523 1925 653 1990 findere
670 1948 785 1990 remus
804 1948 924 2013 aquas.

100 2029 259 2095 Vidimus
276 2029 310 2093 in
328 2031 443 2117 glacis
455 2030 566 2114 pisces
584 2032 726 2109 haerere
743 2033 881 2119 ligatos

146 2135 216 2201 Sed
234 2157 313 2221 pars
330 2158 374 2201 ex
391 2137 457 2200 illis
473 2147 554 2201 tunc
570 2159 705 2223 quoque
723 2139 801 2202 viva
817 2140 895 2203 suit..
955 2148 957 2153 “

101 2242 182 2308 Sive
198 2243 302 2329 igitur
317 2243 412 2306 nimii
430 2241 562 2307 Boreae
579 2243 630 2308 vis
647 2265 752 2309 saeva
770 2247 932 2323 marinaS,

146 2348 228 2414 Sive
245 2349 453 2414 redundatas
468 2349 610 2414 flumine
627 2351 719 2437 cogit
737 2373 857 2438 aquas,

99 2454 270 2530 Protinus,
289 2467 434 2543 aequato
451 2456 550 2521 siccis
569 2458 785 2543 aquilonibus
803 2459 934 2536 Histro,

145 2562 320 2626 Invehitur
337 2562 440 2626 celeri
456 2562 624 2627 barbarus
642 2565 747 2629 hostis
765 2587 873 2651 equor

100 2668 217 2732 Hostis
234 2689 321 2753 equo
338 2669 472 2753 pollens
488 2669 661 2756 longeque
677 2672 814 2736 volante
829 2672 954 2760 sagitta

143 2773 304 2839 Vicinam
321 2773 388 2839 late
405 2775 634 2860 depopulatur
651 2778 805 2841 humum.

98 2881 295 2967 Diffugiunt
311 2881 381 2956 alii,
400 2881 571 2967 nullisque
587 2884 759 2948 tuentibus
777 2905 879 2972 agros

143 2987 374 3052 Incustoditae
391 2988 596 3073 diripiuntur
611 3012 716 3075 opes;

98 3094 203 3164 Ruris
220 3116 304 3180 opes
320 3115 460 3180 parvae,
480 3117 586 3180 pecus
603 3109 635 3161 et
651 3097 826 3162 stridentia
842 3099 1009 3184 plaustra,

144 3201 188 3264 Et
203 3223 289 3288 quas
307 3202 442 3266 divitias
459 3202 571 3266 incola
588 3225 719 3288 pauper
736 3206 850 3269 habet.

98 3305 184 3371 Pars
202 3308 315 3394 agitur
331 3308 452 3389 vinctis
469 3319 546 3392 post
561 3320 695 3395 tergum
713 3322 813 3394 capta
830 3311 980 3393 lacertis,

144 3413 349 3496 Respiciens
365 3413 489 3477 frustra
505 3435 584 3478 rura
601 3415 776 3501 laremque
793 3439 891 3481 suum
905 3440 913 3498 3

99 3518 185 3584 Pars
202 3520 292 3583 cadit
309 3519 455 3583 hamatis
472 3520 595 3585 misere
613 3523 749 3586 confixa
766 3523 917 3610 sagittis3

144 3625 237 3690 Nam
255 3626 385 3689 volucri
402 3626 491 3690 ferro
508 3627 637 3691 tinctile
653 3628 746 3692 virus
763 3629 861 3694 inest.
920 3709 922 3713 ,

101 3731 203 3816 Qpae
219 3742 526 3818 nequeuntsecum
543 3732 631 3797 serre
649 3746 707 3798 aut
723 3735 906 3812 abducere,
925 3741 1086 3824 perdunt,
1116 3760 1149 3830 63

145 3837 189 3904 Et
204 3848 334 3903 cremat
350 3837 499 3903 insontes
516 3838 646 3904 hostica
662 3839 802 3905 flamma
819 3863 930 3908 casas.
969 3861 972 3867 ·
