2476 4148
112 143 178 210 180
485 146 636 214 Shorter
657 145 793 212 Poems.
878 160 882 166 ’·
1019 161 1174 233 [Tarsam.

109 338 157 404 At
172 341 257 404 mihi
269 342 342 429 jam
360 364 465 427 puero
482 343 643 409 caelestia
659 362 758 407 sacra
775 339 972 425 placebant,

154 445 262 532 Inque
279 471 378 513 suum
396 449 509 514 furtim
527 448 632 513 Musa
648 448 806 511 trahebat
821 467 920 530 opus.
1063 489 1068 498 ·
1129 481 1163 520 20
1228 451 1231 456 '

109 550 224 636 Saepe
240 566 336 638 pater
352 555 438 619 dixit
456 565 464 596 ‘
482 553 640 618 Studium
657 552 739 638 quid
757 552 875 616 inutile
892 552 1061 639 temptas?

153 657 357 723 Maeonides
374 661 486 725 nullas
503 661 576 743 ipse
593 657 729 742 reliquit
746 658 855 741 opes!

109 762 225 828 Motus
242 786 337 836 eram
353 765 465 840 dictis,
483 775 620 850 totoque
639 763 809 828 Helicone
828 765 946 856 relicto

153 868 313 934 Scribere
330 872 480 935 conabar
494 871 599 935 verba
616 870 726 935 soluta
745 871 869 937 modis.

108 973 238 1058 Sponte
255 997 319 1041 sua
329 994 475 1041 ‘carmen
491 997 652 1041 numeros
669 976 830 1043 veniebat
847 979 892 1043 ad
908 988 1021 1064 aptos,
1128 1009 1162 1066 25

151 1075 196 1139 Et
211 1078 302 1162 quod
319 1079 527 1161 temptabam
544 1077 672 1152 dicere,
693 1100 812 1147 versus
830 1091 913 1147 erat.

108 1181 243 1247 Interea
258 1183 360 1249 tacito
376 1204 480 1267 passu
498 1183 690 1250 labentibus
709 1187 809 1253 annis

152 1286 311 1352 Liberior
327 1288 419 1350 fratri
437 1299 572 1372 sumpta
590 1291 742 1378 mihique
760 1304 840 1380 toga
858 1277 924 1369 est,
1012 1362 1013 1365 ,

108 1394 331 1480 Induiturque
348 1389 499 1466 humeris
516 1416 594 1461 cum
611 1398 681 1462 lato
697 1420 846 1483 purpura
864 1401 976 1477 clavo,
1045 1437 1048 1442 Δ
1155 1467 1157 1469 ,

151 1501 196 1566 Et
212 1501 360 1566 studium
378 1499 475 1566 nobis
492 1503 582 1587 quod
600 1503 767 1579 saltante,
786 1517 912 1574 manet.
1051 1550 1053 1552 -
1125 1539 1160 1594 30

102 1608 251 1696 Jamque
268 1608 388 1673 decern
405 1607 495 1671 vitae
512 1608 615 1672 frater
634 1611 870 1697 geminaverat
887 1633 1006 1690 annos,

151 1714 242 1780 Cum
260 1713 357 1798 perit,
378 1723 410 1776 et
428 1716 524 1798 coepi
540 1727 636 1800 parte
654 1737 771 1782 carere
790 1718 868 1783 mei.

108 1820 273 1906 Cepimus
290 1832 323 1887 et
339 1832 477 1885 tenerae
494 1821 620 1905 primos
639 1824 756 1888 aetatis
775 1825 934 1901 honores,
1014 1860 1027 1892 ·.

153 1928 275 2014 Deque
292 1928 373 1992 viris
390 1928 562 2014 quondam
581 1950 660 2013 pars
676 1930 781 1994 tribus
797 1953 866 1995 una
883 1932 943 1995 fui.

108 2033 215 2102 Curia
231 2036 381 2101 restabat
391 2057 404 2109 ;Δ
426 2035 515 2100 clavi
533 2056 692 2106 mensura
709 2048 827 2101 coacta
842 2048 915 2102 est:
1116 2056 1158 2128 135

153 2141 270 2229 Majus
287 2152 359 2206 erat
375 2141 496 2208 nostris
512 2141 641 2206 viribus
657 2142 742 2206 illud
758 2164 855 2208 onus

108 2247 186 2313 Nec
202 2248 489 2333 patienscorpus,
507 2269 574 2313 nec
591 2269 685 2312 mens
703 2248 764 2312 fuit
782 2261 860 2334 apta
877 2248 999 2326 labori,
1093 2295 1095 2299 ψ

157 2355 397 2440 Sollicitaeque
414 2355 524 2441 fugax
540 2354 732 2419 ambitionis
749 2376 855 2420 eram.

108 2460 153 2529 Et
169 2473 286 2546 petere
300 2460 436 2528 Aoniae
454 2461 645 2542 suadebant
659 2471 729 2524 tuta
745 2482 880 2528 sorores

154 2567 247 2643 Otia,
261 2568 392 2656 judicio
403 2589 545 2651 semper
562 2578 676 2631 amata
692 2589 778 2632 meu.

108 2673 292 2760 Temporis
308 2675 400 2741 illins
415 2674 505 2746 colui
522 2673 658 2758 fovique
674 2678 806 2759 poetas,

155 2782 318 2869 Qotque
335 2782 478 2847 aderant
493 2791 600 2854 vates,
620 2773 718 2845 rebar
735 2780 855 2846 adesse
872 2781 969 2849 deos.
1013 2839 1016 2846 .

109 2887 224 2974 Saepe
241 2910 323 2956 suas
341 2886 501 2959 Volucres
510 2886 596 2974 legit
612 2885 695 2950 mihi
713 2887 876 2972 grandior
892 2880 992 2965 aevo,
1059 2946 1068 2957 ,,

155 2995 325 3082 Quaeque
341 3006 441 3061 necet
456 3015 611 3079 serpens,
630 3012 719 3079 quae
733 2992 829 3080 juvet
846 2994 965 3071 herba,
984 2992 1118 3061 Macer.

109 3100 224 3189 Saepe
241 3125 320 3169 suos
337 3103 455 3185 solitus
470 3103 613 3167 recitare
630 3099 825 3184 Propertius
842 3100 956 3187 ignea,
1040 3101 1044 3109 '
1123 3131 1158 3191 45

150 3211 233 3296 Jure
250 3209 414 3276 sodalicio
431 3208 487 3294 qui
506 3207 588 3273 mihi
600 3207 738 3294 junctus
758 3216 841 3272 erat.

109 3315 273 3382 Ponticus
289 3318 407 3391 heroii,
425 3315 554 3379 Bassus
570 3337 705 3402 quoque
725 3315 839 3381 clarus
856 3313 979 3382 iambis

155 3424 280 3488 Dulcia
291 3422 472 3503 convictus
489 3422 642 3485 membra
659 3422 754 3487 suere
773 3424 851 3490 mei.

109 3530 154 3596 Et
169 3529 275 3594 tenuit
291 3540 423 3593 nostras
439 3548 641 3591 numerosus
661 3527 823 3595 Horatius
839 3552 952 3608 aures,

154 3637 246 3701 Dum
264 3635 340 3699 serit
355 3632 510 3696 Ausonia
528 3633 681 3697 carmina
699 3636 788 3699 culta
804 3637 893 3724 lyra.
1126 3669 1160 3724 50
1191 3655 1195 3661 ·

108 3741 294 3831 Virgilium
310 3739 379 3804 vidi
396 3748 526 3802 tantum
539 3760 554 3812 ;Ι
572 3759 637 3802 nec
653 3759 772 3805 amara
786 3742 929 3810 Tibullo
1046 3787 1048 3791 ι

153 3849 309 3934 Tempus
326 3843 495 3933 amicitiae
512 3843 581 3906 fata
596 3844 722 3911 dedere
739 3868 851 3914 meae.
866 3858 887 3927 ⁸,
