2476 4148
90 152 224 222 V.6oo.]
401 133 473 201 Tae
503 133 587 198 Tale
611 136 659 218 os
666 132 860 198 Arethusa.
1100 147 1143 230 57

93 350 173 393 cum
190 338 297 392 matre
314 339 365 392 est
380 327 536 404 totidem,
550 328 689 393 totidem
707 349 784 391 cum
802 327 953 414 conjuge
966 350 1132 411 menses·

91 434 421 516 vertiturextemplo
439 435 547 497 facies
562 445 593 496 et
611 433 732 496 mentis
750 445 782 497 et
799 433 887 496 oris:

92 560 173 602 nam
192 540 293 603 modo
310 560 399 623 quae
416 549 546 622 poterat
562 539 632 604 Diti
649 530 784 623 quoque
803 550 931 602 maesta
947 540 1069 616 videri,

92 646 183 709 laeta
200 644 285 709 deae
302 644 395 709 frons
413 656 483 718 est3
509 655 545 709 ut
561 645 625 719 sol,
643 644 701 729 qui
719 656 826 720 tectus
844 645 982 731 aquosis
1036 694 1039 698 .
1090 677 1142 733 570

34 830 36 833 Ι
92 751 239 814 nubibus
257 761 334 815 ante
350 750 424 825 fuit,
443 750 541 814 victis
557 771 576 814 e
594 750 740 815 nubibus
756 750 837 813 exit.

136 856 256 942 Exigit
272 857 362 920 alma
380 855 500 930 Ceres,
519 868 599 920 nata
616 876 736 920 secura
754 865 904 941 recepta,

90 982 180 1049 quae
192 962 255 1027 nbi
272 982 378 1026 causa
393 962 510 1048 fugae,
530 983 591 1026 cur
608 962 666 1037 sis,
684 960 871 1038 Arethusa,
891 983 989 1029 sacer
1005 952 1108 1028 sons?

91 1069 285 1158 conticuere
301 1068 436 1139 undae:
462 1089 607 1153 quarum
625 1069 692 1132 dea
708 1068 841 1132 sustulit
858 1070 926 1135 alto
976 1139 977 1142 ,

90 1175 182 1238 fonte
199 1183 314 1258 caput,
332 1173 526 1258 viridesque
545 1195 649 1237 manu
665 1173 793 1238 siccata
810 1174 952 1259 capillos
1089 1204 1140 1262 575

89 1280 240 1344 fluminis
257 1279 333 1344 Elei
349 1290 481 1344 veteres
499 1280 649 1344 narravit
665 1302 821 1345 amores:

91 1385 199 1457 ‘Pars
217 1407 284 1472 ego
299 1386 544 1472 nympharum,
563 1407 651 1471 quae
667 1375 797 1451 suntin
812 1386 998 1465 Achaide,'
1015 1388 1114 1466 dixit,

90 1503 183 1556 ‘una
199 1493 267 1567 fui3
293 1514 358 1566 nec
375 1513 429 1563 me
446 1493 628 1558 studiosius
646 1494 752 1557 altera
769 1495 874 1560 saltus

88 1599 184 1687 legit,
204 1620 268 1663 neo
285 1599 397 1683 posuit
413 1598 595 1664 studiosius
612 1600 717 1664 altera
734 1621 861 1665 casses.

87 1707 150 1771 sed
166 1705 323 1791 quamvis
339 1704 468 1769 formae
485 1726 672 1800 numquam
690 1706 773 1770 mihi
789 1707 881 1771 lama
898 1707 1001 1792 petita
1019 1719 1081 1787 est,

86 1811 355 1899 quamvislortis
372 1832 479 1887 eram,
500 1812 668 1890 formosae
685 1834 811 1877 nomen
827 1815 1011 1880 habebam.

86 1940 153 1984 nec
169 1938 246 1981 mea
264 1938 318 1982 me
335 1917 440 1982 facies
457 1918 599 1981 nimium
617 1919 755 1983 laudata
768 1920 930 2007 juvabat:

85 2046 222 2112 quaque
241 2024 329 2089 aliae
346 2025 498 2110 gaudere
514 2025 636 2100 solent,
655 2047 721 2112 ego
737 2026 863 2090 rustica
880 2028 958 2094 dote

85 2132 238 2216 corporis
255 2130 387 2206 erubui,
408 2131 604 2217 crimenque
620 2132 758 2216 placere
775 2135 903 2217 putavi.
919 2182 921 2186 »

132 2239 266 2304 ‘Lassa
284 2237 490 2312 revertebar,
511 2237 663 2313 memini,
684 2237 925 2325 Stymphalide
941 2242 1049 2316 silva:
1085 2263 1135 2332 533

85 2359 200 2415 aestus
216 2359 300 2425 erat,
320 2367 555 2435 magnumque
570 2345 667 2410 labor
685 2346 920 2432 geminaverat
937 2360 1081 2414 aestum.

83 2453 222 2519 invenio
239 2455 312 2520 sine
328 2455 454 2521 vertice
471 2473 591 2540 aquaS,
616 2451 689 2517 sine
707 2474 878 2518 murmure
895 2466 1028 2533 euntes„

84 2562 284 2646 perspicuas
301 2563 344 2627 ad
361 2565 517 2638 humum,
537 2584 597 2648 per
612 2584 699 2650 quas
716 2563 937 2641 numerabilis
954 2565 1021 2648 alte
1045 2589 1048 2594 ·

83 2668 237 2734 calculus
253 2670 363 2735 omnis
377 2680 460 2745 erat,
478 2691 564 2755 quas
581 2681 616 2734 tu
632 2670 691 2734 vix
707 2670 755 2735 ire
771 2682 921 2754 putares.
1038 2745 1041 2751 ,

83 2795 171 2840 cana
188 2776 311 2842 salicta.
323 2778 449 2842 dabant
465 2778 656 2864 nutritaque
673 2779 818 2863 populus
835 2779 927 2843 unda
1083 2812 1133 2867 590

83 2893 204 2966 sponte
220 2904 282 2948 sua
299 2894 397 2951 natas
408 2884 497 2969 ripis
513 2885 702 2950 declivibus
719 2886 866 2960 umbras.

83 2989 227 3065 accessi,
246 2991 461 3077 primumque
478 2992 575 3076 pedis
592 2991 736 3077 vestigia
752 2991 850 3067 tinxi,

83 3096 210 3179 poplite
227 3097 350 3164 deinde
365 3109 486 3173 tenus3
510 3121 622 3185 neque
644 3119 684 3162 eo
701 3109 870 3174 contenta,
890 3099 1061 3188 recingor,
1087 3146 1089 3150 ι

82 3204 267 3290 molliaque
284 3207 422 3290 impono
440 3206 536 3271 salici
553 3205 726 3270 velamina
745 3227 883 3283 curvae,

82 3310 243 3396 nudaque
259 3333 398 3398 mergor
415 3312 532 3397 aquis;
558 3332 642 3397 quas
660 3312 741 3375 dum
759 3312 910 3398 serioque
926 3314 1092 3399 trahoque

82 3416 175 3481 mille
192 3417 301 3482 modis
318 3418 449 3493 labens,
469 3438 682 3503 excussaque
699 3418 860 3482 bracchia
873 3419 978 3506 jact0,

81 3522 305 3609 nescioquod
324 3523 435 3588 medio
453 3523 543 3588 sensi
561 3524 623 3587 sub
640 3523 776 3609 gurgite
794 3545 959 3600 murmur,

80 3628 264 3714 territaque
281 3628 398 3697 insisto
416 3629 581 3713 propioris
599 3629 755 3715 margine
773 3630 879 3713 ripae.

80 3732 163 3816 ,Quo
173 3740 363 3819 properas,
382 3732 588 3798 Arethusa?
604 3734 673 3798 suis
690 3733 845 3818 Alpheus
862 3735 906 3797 ab
923 3736 1037 3811 undis,

79 3838 162 3924 <Quo
172 3838 378 3927 properas?
392 3839 513 3905 iter-um
531 3861 634 3905 rauco
652 3840 734 3904 mihi
751 3841 884 3907 dixerat
900 3863 969 3907 ore.
1076 3860 1130 3914 600
