2476 4148
98 194 124 249 1·.
138 175 222 265 ιιιςζ]
388 170 585 238 Deucalzun
610 171 685 236 aad
702 155 861 257 -Ργννῆιιι

96 374 220 460 detque
237 368 302 435 sibi
318 368 469 444 veniam,
488 368 614 452 pavido
630 376 730 455 rogat
745 389 816 443 ore,
836 378 1004 455 pavetque

96 481 234 545 laedere
246 475 383 565 jactatis
396 472 572 538 'maternas
588 474 723 539 ‘ossibus
740 463 892 539 umbras.

96 587 226 652 interea
243 593 400 669 repetunt
418 581 530 646 caecis
544 581 689 645 obscura
706 581 844 645 latebris

95 694 201 758 verba
218 672 317 756 datae
334 687 432 754 sortis
449 706 580 762 secum,
598 685 685 750 inter
701 708 805 773 seque
820 687 986 780 volutant.

95 780 450 865 inde-Promethides
466 792 613 876 placidis
629 791 849 876 Epimethida
866 794 964 859 dictis
1097 816 1149 882 390

96 906 235 980 mulcet,
253 910 287 968 t
303 900 397 966 ‘Aut
408 899 538 964 Tallax'
552 898 601 962 ait
618 908 627 938 ‘
644 909 694 963 est
710 899 860 963 sollertia
876 901 988 976 nobis,

96 1022 155 1076 aut
171 1010 227 1095 pia
244 1013 333 1085 sunt,
352 1008 553 1103 nullumque
570 1004 668 1069 nefas
686 1005 825 1089 oracula
843 1007 999 1070 suadent

95 1134 225 1202 magna
242 1114 367 1198 paiens
378 1091 492 1174 Terra
510 1118 580 1173 est:
608 1086 766 1193 lapides'
756 1130 791 1171 ιιι
809 1129 951 1194 corpore
968 1116 1079 1176 terrae
1135 1117 1138 1122 '

95 1240 174 1286 ossa
190 1240 266 1285 reor
282 1218 370 1284 dici.
362 1217 507 1306 .jacere
524 1217 587 1280 hos
603 1225 680 1300 post
696 1226 793 1302 terga
806 1215 991 1303 jubemur?

140 1325 309 1415 Conjug'is
325 1345 470 1410 augurio
480 1343 696 1409 quamquam
713 1322 852 1387 Titania
869 1335 972 1389 mota
977 1334 1039 1401 est,
1094 1354 1145 1413 395

94 1432 175 1524 spes
189 1443 305 1498 tamen
320 1430 475 1496 indubio
492 1441 562 1503 est3
590 1430 676 1494 adeo
695 1430 899 1494 caelestibus
917 1432 1018 1495 ambo

94 1538 251 1604 diffidunt
267 1537 401 1602 monitis
412 1543 422 1598 ἰ
435 1573 481 1584 -
492 1536 554 1601 sed
570 1535 652 1622 quid
670 1541 836 1621 temptare
851 1535 1011 1600 nocebit?

94 1624 319 1720 descendunt,
336 1644 519 1728 velantque
537 1653 651 1727 caput,
672 1643 872 1729 tunicasque
889 1643 1083 1731 recingunt,

85 1761 128 1817 -et
139 1751 252 1840 ju'ssos
268 1750 401 1834 lapides
417 1770 480 1814 sua
496 1759 572 1833 post
586 1749 732 1835 vestigia
750 1749 895 1814 mittunt.

94 1878 180 1924 saxa
191 1894 237 1905 -
247 1858 323 1943 quis
341 1858 406 1921 hoc
422 1856 551 1932 credat,
568 1855 634 1920 nisi
648 1856 694 1921 ‘s‘it
705 1867 771 1942 'pro
784 1866 871 1922 teste
887 1855 1116 1923 vetustam·-

93 1977 221 2050 ponere
237 1962 394 2027 duritiem
411 1972 555 2047 coepere
572 1971 741 2049 suumque
758 1963 923 2051 rigorem,

93 2069 285 2156 mollirique
302 2088 410 2144 mora,
430 2068 627 2156 mollitaque
644 2070 771 2135 ducere
784 2071 947 2137 sormam.

93 2197 188 2252 mox,
205 2175 265 2240 ubi
281 2184 473 2250 creverunt,
492 2185 682 2262 naturaque
699 2176 811 2241 mitior
828 2178 894 2243 illis

93 2281 247 2369 contigit,
265 2291 313 2346 ut
312 2281 502 2378 quaedam,
521 2281 571 2346 sic
587 2303 657 2346 non
674 2283 866 2360 manifesta,
884 2283 994 2349 videri

91 2387 203 2453 forma
219 2388 328 2474 potest
344 2373 504 2462 hominis,
524 2388 585 2452 sed
601 2387 661 2451 uti
667 2374 709 2453 de
727 2408 896 2456 marmore
914 2398 1049 2475 coeptu,
1091 2410 1144 2476 40'5

92 2499 163 2558 ιἰοιι
178 2496 299 2556 exacta
316 2494 368 2555 s'a't
369 2490 410 2566 is,
429 2490 638 2577 rudibusque
656 2491 872 2557 simillima
846 2495 967 2582 si'g'nis.
1020 2524 1024 2529 ·

92 2618 181 2685 quae
197 2607 310 2662 tamen
328 2619 372 2661 ex
388 2597 454 2662 illis
472 2597 586 2683 aliquo
603 2620 683 2683 pars
701 2600 842 2665 humida
860 2623 942 2667 suco

92 2715 126 2769 et
140 2715 275 2769 terrena
291 2703 365 2780 fuit,
382 2724 483 2768 versa
495 2716 550 2769 est
565 2704 600 2768 in
614 2707 770 2791 corporis
785 2697 885 2772 usum
899 2731 907 2770 ι

91 2811 182 2896 quod
194 2810 346 2875 'solidum
363 2822 413 2875 est
428 2810 586 2898 flectique
604 2814 733 2899 nequit,
746 2826 900 2879 mutatur
911 2815 950 2879 *in
968 2836 1067 2890 ossa;

90 2937 181 3003 quae
197 2916 298 2982 modo
313 2921 403 2981 vena
419 2915 493 2993 fuit,
510 2918 574 2983 ‘sub
591 2921 713 2985 eodem
729 2921 867 2985 nomine
885 2921 1009 2987 mansit
1019 2943 1028 2995 ;
1090 2952 1143 3004 410
1224 2950 1225 2953 ¹

90 3022 195 3108 inque
210 3022 305 3087 brevi
322 3022 432 3107 spatio
450 3031 651 3109 superorum
667 3027 808 3091 numine
825 3049 910 3092 saxa

91 3128 195 3193 missa
211 3127 274 3192 viri
292 3113 451 3194 manibus
467 3130 593 3195 faciem
609 3143 744 3196 traxere
760 3131 923 3209 virorum,

90 3235 182 3299 etde
198 3233 346 3300 femineo
364 3247 522 3320 reparata
539 3247 590 3301 est
606 3238 734 3302 femina
747 3238 855 3326 jactu.

89 3339 169 3405 inde
186 3356 298 3427 genus
314 3343 440 3414 durum
456 3364 575 3407 sumus
591 3344 840 3430 experiensque
856 3347 1026 3423 laborum,

88 3455 123 3511 et
138 3445 345 3512 documenta
361 3449 498 3526 damus,
515 3469 584 3536 qua
598 3449 707 3516 simus
723 3449 858 3538 origine
874 3452 956 3517 nati.
1088 3483 1139 3539 415
