2476 4148
88 149 147 205 111,
167 162 194 216 3,
210 148 267 219 54]
355 129 424 198 The
447 130 579 197 Exile's
603 128 687 196 Sr'ck
715 127 898 196 Chamber.
1074 137 1137 222 175

89 328 128 395 Si
142 327 213 416 jam
231 327 402 403 deficiam,
422 309 673 413 subpressaque
689 326 809 414 lingua
825 326 940 412 palato

133 435 204 501 Vix
220 433 381 498 instillato
398 433 604 498 restituenda
621 454 728 509 mero,

88 540 232 608 Nuntiet
248 541 315 604 huc
332 539 455 624 aliquis
471 539 645 604 dominam
662 539 811 614 venisse,
830 558 1021 625 resurgam,

135 646 291 733 Spesque
308 644 355 709 tui
373 644 471 709 nobis
488 666 593 708 causa
609 644 736 730 vigoris
754 644 827 708 erit.
927 681 931 688 -

90 753 185 840 Ergo
203 773 269 838 ego
286 774 361 816 sum
378 750 501 816 dubius
519 749 622 825 vitae,
641 762 676 814 tu
694 750 835 814 forsitan
851 748 926 814 istic

131 859 328 945 Jucundum
347 856 451 922 nostri
468 856 585 921 nescia
602 867 737 941 tempus
754 853 853 942 agis?
874 897 877 900 >

90 964 173 1030 Non
191 965 279 1051 agis,
298 965 462 1029 adfirmor
487 962 592 1049 liquet
609 963 688 1037 hoc,
706 961 896 1037 carissima,
915 961 1026 1038 nobis,

135 1071 289 1155 Tempus
307 1070 364 1157 agi
381 1069 455 1135 sine
471 1091 526 1133 me
542 1090 611 1133 non
627 1068 693 1133 nisi
709 1068 802 1132 triste
818 1067 890 1132 tibi.

91 1176 130 1241 Si
147 1188 261 1241 tamen
277 1176 431 1261 implevit
447 1197 524 1240 mea
540 1197 626 1250 sors,
645 1196 731 1261 quos
748 1173 877 1250 debuit,
896 1193 1019 1250 ann08,

136 1283 180 1346 Et
197 1283 278 1346 mihi
295 1282 432 1346 vivendi
447 1293 518 1346 tarn
534 1281 600 1346 cito
617 1279 693 1344 finis
711 1280 829 1345 adest:

92 1388 269 1473 Quantum
288 1399 371 1464 erat,
390 1388 423 1452 0
440 1388 571 1476 magni,
590 1387 751 1451 morituro
769 1406 925 1471 parcere,
944 1385 1038 1462 Divi,

137 1495 185 1560 Ut
201 1497 321 1560 saltem
338 1495 447 1579 patria
464 1494 715 1559 contumularer
732 1490 870 1558 humo?ยน

90 1602 157 1667 Vel
175 1622 285 1686 poena
301 1601 336 1665 in
352 1613 486 1686 tempus
503 1600 619 1666 mortis
635 1599 741 1665 dilata
757 1597 889 1674 fuisset,

136 1707 203 1772 Vel
219 1707 450 1792 praecepisset
465 1729 557 1773 mors
573 1718 753 1793 properata
770 1705 903 1792 fugam.
989 1760 992 1765 ,

92 1813 230 1901 Integer
247 1815 337 1878 hanc
353 1814 446 1900 potui
463 1836 572 1899 nuper
587 1814 679 1879 bene
691 1812 834 1878 reddere
852 1813 987 1876 lucemr
1084 1873 1087 1880 ,

135 1919 244 1985 Exsul
261 1931 297 1984 ut
312 1921 517 1996 occiderem,
536 1941 628 1986 nunc
645 1920 727 1984 mihi
742 1920 812 1984 vita
828 1918 909 1983 data
925 1927 991 1988 est.

91 2026 181 2091 Tam
198 2028 317 2112 procul
333 2027 458 2114 ignotis
474 2027 577 2114 igitur
594 2028 777 2093 moriemur
793 2026 828 2091 in
844 2025 926 2102 orie,

137 2133 181 2197 Et
196 2135 277 2197 fient
293 2133 367 2219 ipso
383 2134 488 2198 tristia
505 2134 574 2198 fata
589 2132 687 2199 loco?

92 2239 128 2304 N
130 2262 169 2305 ec
186 2262 262 2304 mea
279 2251 440 2304 consueto
456 2241 682 2324 languescent
697 2259 840 2324 corpora
856 2235 967 2305 lecto?

137 2346 339 2431 Depositum
357 2366 421 2408 nec
438 2366 492 2409 rne
509 2346 567 2431 qui
583 2345 674 2420 fleat,
691 2345 782 2409 ullus
798 2342 881 2409 erit?

92 2452 169 2518 Nec
186 2454 345 2518 dominae
361 2451 511 2516 lacrimis
526 2451 562 2516 in
579 2461 693 2516 nostra
709 2451 909 2517 cadentibus
925 2472 986 2517 ora

136 2558 314 2624 Accedent
331 2559 465 2623 animae
481 2557 757 2644 tempora'parva
775 2557 895 2624 meae?

93 2666 169 2731 Nec
188 2668 348 2731 mandata
365 2667 467 2742 dabo,
485 2687 550 2731 nec
566 2687 645 2731 cum
662 2668 812 2734 clamore
829 2689 990 2755 supremo
1064 2697 1065 2700 ยน

117 2772 310 2840 ,Labentes
325 2774 443 2838 oculos
460 2774 582 2838 condet
598 2773 709 2839 amica
726 2774 872 2848 manus?
969 2832 984 2841 ..

93 2878 163 2942 Sed
181 2879 253 2942 sine
271 2878 445 2942 funeribus
463 2890 565 2963 caput
581 2880 660 2956 hoc,
680 2881 754 2947 sine
770 2883 899 2948 honore
916 2880 1064 2966 sepulcri
1104 2909 1139 2968 43

139 2983 394 3064 Indeploratum
409 2982 556 3048 barbara
572 2996 661 3051 terra
678 2988 792 3074 teget?

93 3086 240 3171 Ecquid,
259 3096 295 3150 ut
312 3086 472 3162 audieris,
490 3098 559 3153 tota
575 3092 756 3157 turbabere
773 3103 899 3167 mente,

138 3192 182 3255 Et
199 3192 298 3257 series
315 3192 439 3277 pavida
456 3206 595 3279 pectora
610 3198 681 3263 fida
697 3194 823 3262 manu?

92 3298 239 3385 Ecquid,
258 3299 292 3363 in
310 3301 373 3366 has
389 3301 513 3368 frustra
529 3303 673 3369 tendens
689 3315 746 3368 tua
762 3303 925 3369 bracchia
941 3313 1067 3389 partes,
1162 3345 1164 3349 ,

137 3406 314 3473 Clamabis
332 3408 446 3473 miseri
464 3431 590 3474 nomen
606 3410 708 3475 inane
725 3409 811 3475 viri?
1107 3443 1140 3498 50

91 3513 200 3578 Parce
217 3526 331 3580 tamen
349 3517 502 3581 lacerare
519 3537 640 3602 genas,
660 3538 724 3582 nec
741 3517 858 3586 scinde
876 3517 1040 3603 capillos:

136 3620 216 3685 Non
233 3622 292 3685 tibi
309 3642 402 3686 nunc
418 3622 579 3708 primum,
599 3623 658 3686 lux
675 3644 765 3699 mea,
783 3635 900 3709 raptus
917 3645 988 3689 ero.

91 3725 181 3791 Cum
199 3728 344 3810 patriam
361 3727 473 3804 amisi,
490 3738 572 3793 tunc
589 3749 643 3793 me
659 3729 800 3813 periisse
816 3742 954 3815 putat03

136 3831 181 3896 Et
197 3833 288 3918 prior
304 3845 337 3898 et
353 3833 492 3921 gravior
508 3856 599 3900 mors
614 3834 677 3901 suit
692 3835 751 3902 illa
767 3835 863 3902 mihi.
