2476 4148
107 144 153 236 64
428 145 499 212 The
527 145 642 232 Grr'ef
654 148 704 231 os
714 144 842 215 Niobe.
1014 161 1158 237 [Marum

108 363 234 431 corque
251 342 360 409 ferum
377 342 480 410 satia'
497 343 601 418 dixit3
628 353 713 428 ‘per
729 342 850 408 funera
867 351 999 429 septem

108 450 251 515 efferor:
276 450 423 526 exsulta,
441 450 631 536 victrixque
647 449 787 514 inimica
803 449 989 535 triumpha.

107 577 169 621 cur
185 567 297 620 autem
313 554 457 620 victrix?
480 556 626 620 miserae
643 555 725 619 mihi
742 555 841 640 plura
858 565 1053 640 supersunt,

106 683 210 748 quam
226 661 286 726 tibi
302 661 405 725 felici.
454 660 536 727 Post
550 671 599 726 tot
614 682 750 747 quoque
766 661 887 726 funera
905 661 1030 727 vinco?
1105 680 1158 748 285

152 767 310 842 Dixerat,
328 777 362 831 et
376 766 488 832 sonuit
503 777 662 831 contento
679 787 805 832 nervus
823 767 866 833 ab
883 788 986 832 arcu:

105 873 164 960 qui
181 884 315 958 praeter
330 872 467 938 Nioben
482 893 588 937 unam
604 872 790 937 conterruit
803 893 937 939 omnes,

106 980 165 1044 illa
183 981 273 1045 malo
290 989 340 1045 est
356 979 484 1044 audax.
532 977 679 1043 Stabant
694 999 773 1042 cum
789 979 939 1045 vestibus
955 977 1038 1046 atris

107 1095 184 1150 ante
201 1095 291 1151 toros
307 1085 449 1148 fratrum
466 1084 614 1150 demisso
632 1083 725 1151 crine
742 1106 897 1159 sorores3

106 1212 125 1256 e
142 1192 265 1277 quibus
281 1211 363 1265 una,
381 1190 521 1254 trahens
538 1189 715 1259 haerentia
730 1191 860 1258 viscere
877 1192 948 1258 tela¹
1106 1225 1161 1282 ²9⁰

105 1296 263 1382 imposito
279 1294 387 1371 fratri,
406 1295 610 1362 moribunda
626 1297 798 1385 relanguit
813 1320 895 1374 ore3

106 1404 226 1477 altera,
245 1401 346 1468 solari
365 1401 524 1467 miseram
541 1414 663 1468 conata
680 1415 872 1489 parentem,

68 1558 71 1564 .
106 1509 267 1574 conticuit
283 1507 406 1585 subito,
425 1509 665 1596 duplicataque
682 1511 825 1576 vulnere
841 1496 945 1577 caeco
961 1520 1024 1588 est,

105 1637 233 1701 oraque
251 1615 464 1699 compressit,
482 1616 546 1681 nisi
563 1627 742 1702 postquam
759 1616 896 1702 spiritus
912 1617 1003 1693 ibat3

106 1722 193 1786 haec
211 1720 334 1786 frustra
349 1722 487 1808 fugiens
503 1723 702 1798 collabitur3
727 1722 786 1788 illa
803 1722 910 1790 sorori
1035 1813 1038 1818 -
1106 1757 1158 1813 ²95

105 1827 283 1892 inmoritur
293 1850 303 1902 3
328 1828 409 1892 latet
426 1830 532 1902 haec3
557 1827 653 1893 illam
668 1829 839 1913 trepidare
855 1829 1001 1895 videres.

151 1932 290 2020 Sexque
307 1933 396 1999 datis
412 1934 479 2000 leto
495 1934 698 2020 diversaque
714 1935 856 2000 vulnera
872 1934 996 2020 passis,

104 2040 224 2104 ultima
241 2040 408 2115 restabat3
433 2060 536 2126 quam
554 2051 622 2105 toto
640 2061 781 2125 corpore
799 2051 919 2116 mater,

104 2157 172 2212 tota
188 2157 282 2212 veste
298 2157 432 2233 tegens,
455 2146 593 2212 ‘Unam
610 2146 855 2232 minimamque
871 2146 1046 2232 relinquel

104 2253 148 2319 de
165 2253 279 2319 multis
297 2253 472 2317 minimam
490 2253 612 2337 posco'
630 2252 791 2317 clamavit
806 2252 859 2318 ‘et
873 2253 1003 2317 unam!
1104 2285 1161 2339 300

105 2361 256 2447 dumque
272 2371 383 2446 rogat,
402 2380 463 2443 pro
479 2380 547 2445 qua
563 2369 675 2445 rogat,
693 2357 828 2423 occidit.
878 2356 973 2423 Orba
990 2359 1120 2427 resedit

104 2466 281 2531 exanimes
298 2465 385 2529 inter
402 2477 498 2530 natos
515 2476 680 2550 natasque
696 2464 889 2550 virumque,

104 2572 311 2660 diriguitque
328 2571 440 2636 malis.
489 2569 615 2635 Nullos
630 2580 742 2634 movet
759 2591 842 2635 aura
859 2571 1016 2656 capillos,

102 2678 138 2743 in
155 2679 249 2743 vultu
265 2679 359 2744 color
375 2688 426 2742 est
442 2676 515 2742 sine
531 2676 712 2763 sanguine,
732 2677 861 2740 lumina
879 2678 1017 2743 maestis
1142 2747 1145 2752 ,

102 2796 192 2850 stant
207 2786 346 2850 immota
363 2783 477 2871 genis,
494 2783 578 2847 nihil
596 2794 647 2848 est
662 2784 697 2846 in
713 2782 865 2869 imagine
882 2784 1011 2847 vivum.
1100 2817 1153 2875 305

101 2891 176 2976 ipsa
193 2913 328 2976 quoque
344 2890 484 2955 interius
501 2910 580 2954 cum
597 2889 682 2954 duro
698 2888 817 2975 lingua
834 2889 951 2973 palato

102 2999 273 3084 congelat,
292 3008 326 3062 et
340 3016 449 3062 venae
466 2996 630 3083 desistunt
646 3016 746 3080 posse
763 2995 901 3060 moveri.

101 3126 165 3170 nec
182 3104 269 3168 flecti
286 3104 416 3180 cervix,
434 3125 499 3168 nec
513 3103 676 3169 bracchia
691 3102 836 3167 reddere
852 3112 975 3178 motus,

101 3232 165 3275 nec
181 3202 242 3295 pds
258 3211 307 3275 ire
324 3222 445 3296 potest,
464 3210 552 3274 intra
569 3231 705 3296 quoque
722 3209 854 3273 viscera
871 3230 993 3274 saxum
1009 3221 1080 3279 est:

100 3316 158 3381 flet
173 3329 298 3391 tamen,
316 3326 349 3380 et
363 3316 468 3381 validi
485 3316 694 3393 circumdata
711 3315 846 3380 turbine
861 3317 952 3381 venti
1098 3351 1151 3404 310

100 3422 135 3486 in
152 3422 295 3506 patriam
312 3433 409 3506 rapta
426 3432 487 3486 est.
537 3422 588 3486 Ibi
604 3423 674 3486 fixa
689 3421 867 3487 cacumine
886 3423 1008 3489 montis

101 3528 250 3615 liquitur,
270 3539 301 3592 et
317 3527 476 3592 lacrimas
493 3527 595 3592 etiam
612 3549 704 3593 nunc
719 3548 889 3594 marmora
907 3540 1057 3595 manant.
