<?xml version="1.0" encoding="UTF-8"?>
<!DOCTYPE html PUBLIC "-//W3C//DTD XHTML 1.0 Transitional//EN"
    "http://www.w3.org/TR/xhtml1/DTD/xhtml1-transitional.dtd">
<html xmlns="http://www.w3.org/1999/xhtml" xml:lang="en" lang="en">
 <head>
  <title>
</title>
<meta http-equiv="Content-Type" content="text/html;charset=utf-8" />
  <meta name='ocr-system' content='tesseract 3.04.00' />
  <meta name='ocr-capabilities' content='ocr_page ocr_carea ocr_par ocr_line ocrx_word'/>
</head>
<body>
  <div class='ocr_page' id='page_1' title='image "./selectionsfromp00greegoog_0127.png"; bbox 0 0 2476 4148; ppageno 0'>
   <div class='ocr_carea' id='block_1_1' title="bbox 112 151 1169 273">
    <p class='ocr_par' dir='ltr' id='par_1_1' title="bbox 112 151 1169 273">
     <span class='ocr_line' id='line_1_1' title="bbox 112 151 1169 273; baseline 0.008 -43"><span class='ocrx_word' id='word_1_1' title='bbox 112 180 177 230; x_wconf 91' lang='lat'>110</span> <span class='ocrx_word' id='word_1_2' title='bbox 429 163 465 230; x_wconf 93' lang='grc' dir='ltr'><em>Τ</em></span> <span class='ocrx_word' id='word_1_3' title='bbox 457 163 501 229; x_wconf 76' lang='lat' dir='ltr'>be</span> <span class='ocrx_word' id='word_1_4' title='bbox 524 162 631 251; x_wconf 81' lang='lat' dir='ltr'><em>Story</em></span> <span class='ocrx_word' id='word_1_5' title='bbox 653 165 701 250; x_wconf 77' lang='lat' dir='ltr'>of</span> <span class='ocrx_word' id='word_1_6' title='bbox 712 151 845 229; x_wconf 66' lang='lat' dir='ltr'>Metios.</span> <span class='ocrx_word' id='word_1_7' title='bbox 1017 180 1169 273; x_wconf 31' lang='lat' dir='ltr'>[Martu-</span> 
     </span>
    </p>
   </div>
   <div class='ocr_carea' id='block_1_2' title="bbox 103 356 1168 2893">
    <p class='ocr_par' dir='ltr' id='par_1_2' title="bbox 103 356 1168 2893">
     <span class='ocr_line' id='line_1_2' title="bbox 109 356 1161 446; baseline 0 -21"><span class='ocrx_word' id='word_1_8' title='bbox 109 358 233 446; x_wconf 91' lang='lat' dir='ltr'>pollice</span> <span class='ocrx_word' id='word_1_9' title='bbox 251 356 423 434; x_wconf 89' lang='lat' dir='ltr'>sollicitat,</span> <span class='ocrx_word' id='word_1_10' title='bbox 441 381 585 446; x_wconf 90' lang='lat' dir='ltr'>quorum</span> <span class='ocrx_word' id='word_1_11' title='bbox 604 358 786 424; x_wconf 86' lang='lat' dir='ltr'>dulcedine</span> <span class='ocrx_word' id='word_1_12' title='bbox 804 366 924 444; x_wconf 71' lang='lat' dir='ltr'>captus</span> <span class='ocrx_word' id='word_1_13' title='bbox 1111 389 1161 443; x_wconf 87' lang='lat'>170</span> 
     </span>
     <span class='ocr_line' id='line_1_3' title="bbox 109 464 1036 554; baseline -0.003 -23"><span class='ocrx_word' id='word_1_14' title='bbox 109 465 206 532; x_wconf 91' lang='lat' dir='ltr'>Pana</span> <span class='ocrx_word' id='word_1_15' title='bbox 218 466 316 554; x_wconf 88' lang='lat' dir='ltr'>jubet</span> <span class='ocrx_word' id='word_1_16' title='bbox 332 464 478 531; x_wconf 91' lang='lat' dir='ltr'>Tmolus</span> <span class='ocrx_word' id='word_1_17' title='bbox 497 465 649 530; x_wconf 82' lang='lat' dir='ltr'><strong>citharae</strong></span> <span class='ocrx_word' id='word_1_18' title='bbox 666 464 875 530; x_wconf 82' lang='lat' dir='ltr'>summittere</span> <span class='ocrx_word' id='word_1_19' title='bbox 893 474 1036 530; x_wconf 82' lang='lat' dir='ltr'>cannas.</span> 
     </span>
     <span class='ocr_line' id='line_1_4' title="bbox 150 571 969 659; baseline -0.001 -22"><span class='ocrx_word' id='word_1_20' title='bbox 150 573 323 659; x_wconf 90' lang='lat' dir='ltr'>Judicium</span> <span class='ocrx_word' id='word_1_21' title='bbox 342 571 518 655; x_wconf 86' lang='lat' dir='ltr'>sanctique</span> <span class='ocrx_word' id='word_1_22' title='bbox 534 571 647 656; x_wconf 88' lang='lat' dir='ltr'>placet</span> <span class='ocrx_word' id='word_1_23' title='bbox 663 571 829 636; x_wconf 88' lang='lat' dir='ltr'>sententia</span> <span class='ocrx_word' id='word_1_24' title='bbox 846 571 969 636; x_wconf 89' lang='lat' dir='ltr'>montis</span> 
     </span>
     <span class='ocr_line' id='line_1_5' title="bbox 109 674 1059 764; baseline -0.001 -21"><span class='ocrx_word' id='word_1_25' title='bbox 109 680 277 744; x_wconf 78' lang='lat' dir='ltr'>omnibus·</span> <span class='ocrx_word' id='word_1_26' title='bbox 326 674 495 764; x_wconf 78' lang='lat' dir='ltr'>Arguitur</span> <span class='ocrx_word' id='word_1_27' title='bbox 511 687 639 751; x_wconf 88' lang='lat' dir='ltr'>tamen,</span> <span class='ocrx_word' id='word_1_28' title='bbox 658 687 759 763; x_wconf 90' lang='lat' dir='ltr'>atque</span> <span class='ocrx_word' id='word_1_29' title='bbox 775 676 900 764; x_wconf 85' lang='lat' dir='ltr'>injusta</span> <span class='ocrx_word' id='word_1_30' title='bbox 915 685 1059 742; x_wconf 87' lang='lat' dir='ltr'>vocatur</span> 
     </span>
     <span class='ocr_line' id='line_1_6' title="bbox 109 781 910 850; baseline 0 -2"><span class='ocrx_word' id='word_1_31' title='bbox 109 784 210 850; x_wconf 91' lang='lat' dir='ltr'>unius</span> <span class='ocrx_word' id='word_1_32' title='bbox 226 804 383 850; x_wconf 87' lang='lat' dir='ltr'>sermone</span> <span class='ocrx_word' id='word_1_33' title='bbox 400 781 530 846; x_wconf 83' lang='lat' dir='ltr'>Midae.</span> <span class='ocrx_word' id='word_1_34' title='bbox 578 781 656 847; x_wconf 90' lang='lat' dir='ltr'>Nec</span> <span class='ocrx_word' id='word_1_35' title='bbox 673 783 793 847; x_wconf 90' lang='lat' dir='ltr'>Delius</span> <span class='ocrx_word' id='word_1_36' title='bbox 810 803 910 848; x_wconf 91' lang='lat' dir='ltr'>aures</span> 
     </span>
     <span class='ocr_line' id='line_1_7' title="bbox 109 887 1159 980; baseline -0.001 -26"><span class='ocrx_word' id='word_1_37' title='bbox 109 891 295 955; x_wconf 82' lang='lat' dir='ltr'>humanam</span> <span class='ocrx_word' id='word_1_38' title='bbox 312 890 451 955; x_wconf 91' lang='lat' dir='ltr'>stolidas</span> <span class='ocrx_word' id='word_1_39' title='bbox 469 887 594 972; x_wconf 90' lang='lat' dir='ltr'>patitur</span> <span class='ocrx_word' id='word_1_40' title='bbox 610 887 756 953; x_wconf 89' lang='lat' dir='ltr'>retinere</span> <span class='ocrx_word' id='word_1_41' title='bbox 773 889 919 980; x_wconf 84' lang='lat' dir='ltr'>figuram</span> <span class='ocrx_word' id='word_1_42' title='bbox 932 911 951 978; x_wconf 51' lang='lat'>3¹</span> <span class='ocrx_word' id='word_1_43' title='bbox 1110 919 1159 978; x_wconf 80' lang='lat'>175</span> 
     </span>
     <span class='ocr_line' id='line_1_8' title="bbox 109 993 1050 1081; baseline -0.003 -18"><span class='ocrx_word' id='word_1_44' title='bbox 109 998 169 1063; x_wconf 90' lang='lat' dir='ltr'>sed</span> <span class='ocrx_word' id='word_1_45' title='bbox 184 996 287 1061; x_wconf 91' lang='lat' dir='ltr'>trahit</span> <span class='ocrx_word' id='word_1_46' title='bbox 302 996 336 1061; x_wconf 94' lang='lat' dir='ltr'>in</span> <span class='ocrx_word' id='word_1_47' title='bbox 354 996 514 1080; x_wconf 89' lang='lat' dir='ltr'>spatium,</span> <span class='ocrx_word' id='word_1_48' title='bbox 533 993 691 1080; x_wconf 89' lang='lat' dir='ltr'>villisque</span> <span class='ocrx_word' id='word_1_49' title='bbox 708 995 901 1060; x_wconf 86' lang='lat' dir='ltr'>albentibus</span> <span class='ocrx_word' id='word_1_50' title='bbox 917 994 1050 1081; x_wconf 88' lang='lat' dir='ltr'>implet,-</span> 
     </span>
     <span class='ocr_line' id='line_1_9' title="bbox 108 1100 962 1190; baseline -0.004 -23"><span class='ocrx_word' id='word_1_51' title='bbox 108 1102 350 1190; x_wconf 90' lang='lat' dir='ltr'>instabilesque</span> <span class='ocrx_word' id='word_1_52' title='bbox 366 1103 452 1168; x_wconf 92' lang='lat' dir='ltr'>imas</span> <span class='ocrx_word' id='word_1_53' title='bbox 470 1101 561 1177; x_wconf 88' lang='lat' dir='ltr'>facit,</span> <span class='ocrx_word' id='word_1_54' title='bbox 580 1111 614 1165; x_wconf 89' lang='lat' dir='ltr'>et</span> <span class='ocrx_word' id='word_1_55' title='bbox 630 1100 688 1165; x_wconf 88' lang='lat' dir='ltr'>dat</span> <span class='ocrx_word' id='word_1_56' title='bbox 703 1121 803 1185; x_wconf 89' lang='lat' dir='ltr'>posse</span> <span class='ocrx_word' id='word_1_57' title='bbox 821 1101 962 1166; x_wconf 88' lang='lat' dir='ltr'>moveri.</span> 
     </span>
     <span class='ocr_line' id='line_1_10' title="bbox 108 1206 1044 1294; baseline -0.003 -19"><span class='ocrx_word' id='word_1_58' title='bbox 108 1221 221 1275; x_wconf 89' lang='lat' dir='ltr'>cetera</span> <span class='ocrx_word' id='word_1_59' title='bbox 238 1220 315 1275; x_wconf 92' lang='lat' dir='ltr'>sunt</span> <span class='ocrx_word' id='word_1_60' title='bbox 330 1207 499 1273; x_wconf 86' lang='lat' dir='ltr'>hominis:</span> <span class='ocrx_word' id='word_1_61' title='bbox 523 1218 656 1294; x_wconf 91' lang='lat' dir='ltr'>partem</span> <span class='ocrx_word' id='word_1_62' title='bbox 672 1207 856 1271; x_wconf 90' lang='lat' dir='ltr'>damnatur</span> <span class='ocrx_word' id='word_1_63' title='bbox 872 1206 908 1271; x_wconf 91' lang='lat' dir='ltr'>in</span> <span class='ocrx_word' id='word_1_64' title='bbox 923 1211 1044 1284; x_wconf 85' lang='lat' dir='ltr'>unam,</span> 
     </span>
     <span class='ocr_line' id='line_1_11' title="bbox 108 1311 878 1402; baseline -0.004 -24"><span class='ocrx_word' id='word_1_65' title='bbox 108 1314 325 1401; x_wconf 89' lang='lat' dir='ltr'>induiturque</span> <span class='ocrx_word' id='word_1_66' title='bbox 343 1335 442 1379; x_wconf 92' lang='lat' dir='ltr'>aures</span> <span class='ocrx_word' id='word_1_67' title='bbox 458 1315 547 1379; x_wconf 89' lang='lat' dir='ltr'>lente</span> <span class='ocrx_word' id='word_1_68' title='bbox 564 1312 752 1402; x_wconf 88' lang='lat' dir='ltr'>gradientis</span> <span class='ocrx_word' id='word_1_69' title='bbox 769 1311 878 1377; x_wconf 87' lang='lat' dir='ltr'>aselli.</span> 
     </span>
     <span class='ocr_line' id='line_1_12' title="bbox 153 1417 1161 1513; baseline -0.002 -28"><span class='ocrx_word' id='word_1_70' title='bbox 153 1420 216 1486; x_wconf 90' lang='lat' dir='ltr'>Ille</span> <span class='ocrx_word' id='word_1_71' title='bbox 232 1420 371 1508; x_wconf 89' lang='lat' dir='ltr'>quidem</span> <span class='ocrx_word' id='word_1_72' title='bbox 388 1421 489 1496; x_wconf 89' lang='lat' dir='ltr'>celat,</span> <span class='ocrx_word' id='word_1_73' title='bbox 506 1420 663 1513; x_wconf 87' lang='lat' dir='ltr'>turpique</span> <span class='ocrx_word' id='word_1_74' title='bbox 680 1430 821 1485; x_wconf 89' lang='lat' dir='ltr'>onerata</span> <span class='ocrx_word' id='word_1_75' title='bbox 838 1417 968 1504; x_wconf 91' lang='lat' dir='ltr'>pudore</span> <span class='ocrx_word' id='word_1_76' title='bbox 1048 1450 1050 1455; x_wconf 96' lang='lat'>·</span> <span class='ocrx_word' id='word_1_77' title='bbox 1074 1432 1077 1437; x_wconf 80' lang='grc'><strong>’</strong></span> <span class='ocrx_word' id='word_1_78' title='bbox 1109 1438 1161 1492; x_wconf 88' lang='lat'>180</span> 
     </span>
     <span class='ocr_line' id='line_1_13' title="bbox 106 1525 877 1614; baseline -0.001 -22"><span class='ocrx_word' id='word_1_79' title='bbox 106 1536 262 1614; x_wconf 90' lang='lat' dir='ltr'>tempora</span> <span class='ocrx_word' id='word_1_80' title='bbox 279 1527 459 1612; x_wconf 88' lang='lat' dir='ltr'>purpureis</span> <span class='ocrx_word' id='word_1_81' title='bbox 474 1537 617 1611; x_wconf 90' lang='lat' dir='ltr'>temptat</span> <span class='ocrx_word' id='word_1_82' title='bbox 631 1527 746 1591; x_wconf 90' lang='lat' dir='ltr'>velare</span> <span class='ocrx_word' id='word_1_83' title='bbox 762 1525 877 1600; x_wconf 87' lang='lat' dir='ltr'>tiaris;</span> 
     </span>
     <span class='ocr_line' id='line_1_14' title="bbox 108 1632 879 1721; baseline -0.003 -22"><span class='ocrx_word' id='word_1_84' title='bbox 108 1634 168 1699; x_wconf 90' lang='lat' dir='ltr'>sed</span> <span class='ocrx_word' id='word_1_85' title='bbox 185 1633 303 1700; x_wconf 90' lang='lat' dir='ltr'>solitus</span> <span class='ocrx_word' id='word_1_86' title='bbox 320 1634 442 1721; x_wconf 86' lang='lat' dir='ltr'>longos</span> <span class='ocrx_word' id='word_1_87' title='bbox 458 1633 548 1698; x_wconf 87' lang='lat' dir='ltr'>ferro</span> <span class='ocrx_word' id='word_1_88' title='bbox 564 1653 718 1698; x_wconf 88' lang='lat' dir='ltr'>resecare</span> <span class='ocrx_word' id='word_1_89' title='bbox 735 1632 879 1718; x_wconf 91' lang='lat' dir='ltr'>capillos</span> 
     </span>
     <span class='ocr_line' id='line_1_15' title="bbox 106 1737 1103 1826; baseline 0.003 -22"><span class='ocrx_word' id='word_1_90' title='bbox 106 1741 238 1805; x_wconf 91' lang='lat' dir='ltr'>viderat</span> <span class='ocrx_word' id='word_1_91' title='bbox 254 1740 320 1805; x_wconf 92' lang='lat' dir='ltr'>hoc</span> <span class='ocrx_word' id='word_1_92' title='bbox 335 1739 496 1805; x_wconf 85' lang='lat' dir='ltr'>famulus.</span> <span class='ocrx_word' id='word_1_93' title='bbox 546 1737 630 1825; x_wconf 48' lang='grc' dir='ltr'>(Ἀπί,</span> <span class='ocrx_word' id='word_1_94' title='bbox 650 1761 727 1804; x_wconf 94' lang='lat' dir='ltr'>cum</span> <span class='ocrx_word' id='word_1_95' title='bbox 745 1761 811 1805; x_wconf 91' lang='lat' dir='ltr'>nec</span> <span class='ocrx_word' id='word_1_96' title='bbox 826 1739 972 1826; x_wconf 87' lang='lat' dir='ltr'>prodere</span> <span class='ocrx_word' id='word_1_97' title='bbox 987 1737 1103 1807; x_wconf 89' lang='lat' dir='ltr'>visum</span> 
     </span>
     <span class='ocr_line' id='line_1_16' title="bbox 107 1845 938 1931; baseline 0 -20"><span class='ocrx_word' id='word_1_98' title='bbox 107 1845 256 1912; x_wconf 91' lang='lat' dir='ltr'>dedecus</span> <span class='ocrx_word' id='word_1_99' title='bbox 273 1846 426 1922; x_wconf 91' lang='lat' dir='ltr'>auderet,</span> <span class='ocrx_word' id='word_1_100' title='bbox 445 1845 587 1931; x_wconf 90' lang='lat' dir='ltr'>cupiens</span> <span class='ocrx_word' id='word_1_101' title='bbox 603 1845 724 1911; x_wconf 89' lang='lat' dir='ltr'>efferre</span> <span class='ocrx_word' id='word_1_102' title='bbox 741 1847 805 1912; x_wconf 88' lang='lat' dir='ltr'>sub</span> <span class='ocrx_word' id='word_1_103' title='bbox 823 1867 938 1923; x_wconf 88' lang='lat' dir='ltr'>auras,</span> 
     </span>
     <span class='ocr_line' id='line_1_17' title="bbox 106 1952 1159 2043; baseline 0.003 -27"><span class='ocrx_word' id='word_1_104' title='bbox 106 1973 172 2018; x_wconf 91' lang='lat' dir='ltr'>nec</span> <span class='ocrx_word' id='word_1_105' title='bbox 188 1964 302 2037; x_wconf 90' lang='lat' dir='ltr'>posset</span> <span class='ocrx_word' id='word_1_106' title='bbox 318 1952 458 2017; x_wconf 89' lang='lat' dir='ltr'>reticere</span> <span class='ocrx_word' id='word_1_107' title='bbox 474 1964 603 2028; x_wconf 87' lang='lat' dir='ltr'>tamen,</span> <span class='ocrx_word' id='word_1_108' title='bbox 622 1952 763 2028; x_wconf 90' lang='lat' dir='ltr'>secedit,</span> <span class='ocrx_word' id='word_1_109' title='bbox 782 1953 993 2040; x_wconf 87' lang='lat' dir='ltr'>humumque</span> <span class='ocrx_word' id='word_1_110' title='bbox 1108 1972 1159 2043; x_wconf 74' lang='lat'>183</span> 
     </span>
     <span class='ocr_line' id='line_1_18' title="bbox 106 2054 900 2145; baseline 0.004 -22"><span class='ocrx_word' id='word_1_111' title='bbox 106 2059 235 2134; x_wconf 86' lang='lat' dir='ltr'>effodit,</span> <span class='ocrx_word' id='word_1_112' title='bbox 254 2069 298 2134; x_wconf 92' lang='lat' dir='ltr'>et,</span> <span class='ocrx_word' id='word_1_113' title='bbox 317 2058 446 2123; x_wconf 90' lang='lat' dir='ltr'>domini</span> <span class='ocrx_word' id='word_1_114' title='bbox 463 2059 581 2145; x_wconf 91' lang='lat' dir='ltr'>quales</span> <span class='ocrx_word' id='word_1_115' title='bbox 599 2054 771 2145; x_wconf 88' lang='lat' dir='ltr'>aspexerit</span> <span class='ocrx_word' id='word_1_116' title='bbox 786 2079 900 2136; x_wconf 87' lang='lat' dir='ltr'>aures,</span> 
     </span>
     <span class='ocr_line' id='line_1_19' title="bbox 104 2164 1064 2251; baseline 0.003 -22"><span class='ocrx_word' id='word_1_117' title='bbox 104 2185 190 2229; x_wconf 86' lang='lat' dir='ltr'>voce</span> <span class='ocrx_word' id='word_1_118' title='bbox 206 2166 308 2229; x_wconf 86' lang='lat' dir='ltr'>refert</span> <span class='ocrx_word' id='word_1_119' title='bbox 323 2185 443 2249; x_wconf 89' lang='lat' dir='ltr'>parva,</span> <span class='ocrx_word' id='word_1_120' title='bbox 460 2175 638 2251; x_wconf 88' lang='lat' dir='ltr'>terraeque</span> <span class='ocrx_word' id='word_1_121' title='bbox 654 2164 882 2231; x_wconf 90' lang='lat' dir='ltr'>inmurmurat</span> <span class='ocrx_word' id='word_1_122' title='bbox 897 2165 1064 2243; x_wconf 82' lang='lat' dir='ltr'>haustae3</span> 
     </span>
     <span class='ocr_line' id='line_1_20' title="bbox 105 2269 838 2358; baseline 0.003 -24"><span class='ocrx_word' id='word_1_123' title='bbox 105 2269 336 2357; x_wconf 89' lang='lat' dir='ltr'>indiciumque</span> <span class='ocrx_word' id='word_1_124' title='bbox 354 2290 437 2335; x_wconf 88' lang='lat' dir='ltr'>suae</span> <span class='ocrx_word' id='word_1_125' title='bbox 452 2271 547 2335; x_wconf 91' lang='lat' dir='ltr'>vocis</span> <span class='ocrx_word' id='word_1_126' title='bbox 563 2271 684 2335; x_wconf 89' lang='lat' dir='ltr'>tellure</span> <span class='ocrx_word' id='word_1_127' title='bbox 702 2282 838 2358; x_wconf 86' lang='lat' dir='ltr'>regesta</span> 
     </span>
     <span class='ocr_line' id='line_1_21' title="bbox 104 2376 920 2462; baseline -0.001 -19"><span class='ocrx_word' id='word_1_128' title='bbox 104 2377 227 2452; x_wconf 89' lang='lat' dir='ltr'>obruit,</span> <span class='ocrx_word' id='word_1_129' title='bbox 246 2387 279 2440; x_wconf 88' lang='lat' dir='ltr'>et</span> <span class='ocrx_word' id='word_1_130' title='bbox 294 2376 471 2441; x_wconf 91' lang='lat' dir='ltr'>scrobibus</span> <span class='ocrx_word' id='word_1_131' title='bbox 486 2376 607 2441; x_wconf 88' lang='lat' dir='ltr'>tacitus</span> <span class='ocrx_word' id='word_1_132' title='bbox 624 2376 767 2442; x_wconf 89' lang='lat' dir='ltr'>discedit</span> <span class='ocrx_word' id='word_1_133' title='bbox 782 2376 920 2462; x_wconf 86' lang='lat' dir='ltr'>opertis.</span> 
     </span>
     <span class='ocr_line' id='line_1_22' title="bbox 104 2481 1168 2578; baseline 0.001 -31"><span class='ocrx_word' id='word_1_134' title='bbox 104 2484 224 2547; x_wconf 89' lang='lat' dir='ltr'>creber</span> <span class='ocrx_word' id='word_1_135' title='bbox 240 2481 463 2547; x_wconf 89' lang='lat' dir='ltr'>arundinibus</span> <span class='ocrx_word' id='word_1_136' title='bbox 480 2481 631 2547; x_wconf 91' lang='lat' dir='ltr'>tremulis</span> <span class='ocrx_word' id='word_1_137' title='bbox 649 2481 694 2546; x_wconf 90' lang='lat' dir='ltr'>ibi</span> <span class='ocrx_word' id='word_1_138' title='bbox 711 2503 852 2571; x_wconf 88' lang='lat' dir='ltr'>surgere</span> <span class='ocrx_word' id='word_1_139' title='bbox 870 2485 970 2551; x_wconf 87' lang='lat' dir='ltr'>lucus</span> <span class='ocrx_word' id='word_1_140' title='bbox 1106 2520 1168 2578; x_wconf 82' lang='lat'>190.</span> 
     </span>
     <span class='ocr_line' id='line_1_23' title="bbox 104 2587 927 2673; baseline 0.005 -20"><span class='ocrx_word' id='word_1_141' title='bbox 104 2588 227 2673; x_wconf 88' lang='lat' dir='ltr'>coepit,</span> <span class='ocrx_word' id='word_1_142' title='bbox 245 2599 290 2662; x_wconf 90' lang='lat' dir='ltr'>et,</span> <span class='ocrx_word' id='word_1_143' title='bbox 309 2598 345 2652; x_wconf 91' lang='lat' dir='ltr'>ut</span> <span class='ocrx_word' id='word_1_144' title='bbox 361 2587 509 2672; x_wconf 88' lang='lat' dir='ltr'>primum</span> <span class='ocrx_word' id='word_1_145' title='bbox 525 2587 627 2672; x_wconf 91' lang='lat' dir='ltr'>pleno</span> <span class='ocrx_word' id='word_1_146' title='bbox 645 2589 806 2654; x_wconf 89' lang='lat' dir='ltr'>maturuit</span> <span class='ocrx_word' id='word_1_147' title='bbox 823 2610 927 2668; x_wconf 90' lang='lat' dir='ltr'>ann0,</span> 
     </span>
     <span class='ocr_line' id='line_1_24' title="bbox 103 2693 1026 2781; baseline 0.007 -23"><span class='ocrx_word' id='word_1_148' title='bbox 103 2695 251 2781; x_wconf 90' lang='lat' dir='ltr'>prodidit</span> <span class='ocrx_word' id='word_1_149' title='bbox 268 2693 469 2781; x_wconf 82' lang='lat' dir='ltr'>agricolam.</span> <span class='ocrx_word' id='word_1_150' title='bbox 518 2693 607 2758; x_wconf 90' lang='lat' dir='ltr'>Leni</span> <span class='ocrx_word' id='word_1_151' title='bbox 624 2715 705 2758; x_wconf 90' lang='lat' dir='ltr'>nam</span> <span class='ocrx_word' id='word_1_152' title='bbox 721 2704 833 2762; x_wconf 86' lang='lat' dir='ltr'>motus</span> <span class='ocrx_word' id='word_1_153' title='bbox 851 2697 894 2763; x_wconf 93' lang='lat' dir='ltr'>ab</span> <span class='ocrx_word' id='word_1_154' title='bbox 911 2707 1026 2765; x_wconf 89' lang='lat' dir='ltr'>austro</span> 
     </span>
     <span class='ocr_line' id='line_1_25' title="bbox 103 2799 1069 2893; baseline 0.004 -27"><span class='ocrx_word' id='word_1_155' title='bbox 103 2802 223 2893; x_wconf 79' lang='lat' dir='ltr'>obruta</span> <span class='ocrx_word' id='word_1_156' title='bbox 238 2800 343 2866; x_wconf 92' lang='lat' dir='ltr'>verba</span> <span class='ocrx_word' id='word_1_157' title='bbox 360 2799 473 2876; x_wconf 86' lang='lat' dir='ltr'>refert,</span> <span class='ocrx_word' id='word_1_158' title='bbox 493 2799 689 2886; x_wconf 89' lang='lat' dir='ltr'>dominique</span> <span class='ocrx_word' id='word_1_159' title='bbox 706 2801 864 2891; x_wconf 86' lang='lat' dir='ltr'>coarguit</span> <span class='ocrx_word' id='word_1_160' title='bbox 879 2824 992 2870; x_wconf 85' lang='lat' dir='ltr'>aures.</span> <span class='ocrx_word' id='word_1_161' title='bbox 1066 2802 1069 2807; x_wconf 77' lang='grc'><strong>’</strong></span> 
     </span>
    </p>
   </div>
   <div class='ocr_carea' id='block_1_3' title="bbox 0 0 1242 4148">
    <p class='ocr_par' dir='ltr' id='par_1_3' title="bbox 0 0 1242 4148">
     <span class='ocr_line' id='line_1_26' title="bbox 0 0 1242 4148; baseline 0 2"><span class='ocrx_word' id='word_1_162' title='bbox 0 0 1242 4148; x_wconf 95' lang='lat' dir='ltr'> </span> 
     </span>
    </p>
   </div>
  </div>
 </body>
</html>
