2476 4148
98 134 123 188 1,
143 146 170 201 3,
184 133 244 207 9²·]
405 117 590 183 Banr‘shed
597 119 702 204 from
726 116 850 183 Rome.
1084 130 1148 207 173

96 311 211 396 Saepe
227 313 349 378 eadem
367 314 528 379 mandata
544 313 636 390 dedi,
656 334 779 399 tneque
795 312 868 398 ipse
885 312 1004 389 fefelli,
1034 356 1036 361 ·
1055 380 1058 383 .

141 417 348 502 Respiciens
364 420 472 484 oculis
488 419 635 506 pignora
652 441 732 484 cara
749 420 846 484 meis.
976 420 978 424 ’
1112 436 1147 489 6ο

41 518 44 525 ’
96 522 254 610 Denique
273 523 394 610 ‘Quid
417 525 584 611 propero?
609 524 754 612 Scythia
778 536 840 601 est,
867 547 934 613 quo
958 525 1146 603 mittimur,’

274 652 436 716 mquam3

141 735 280 800 ‘Roma
297 737 521 823 relinquenda
538 747 608 802 est:
632 747 776 824 utraque
789 737 881 825 justa
897 759 994 804 mora
1010 749 1070 803 est
1096 787 1099 791 .

94 844 193 908 Uxor
209 842 244 904 in
261 854 437 906 aeternum
454 844 532 908 vivo
550 843 632 907 mihi
649 844 727 908 viva
744 857 903 932 negatur,

138 948 182 1012 Et
199 949 320 1013 domus
337 960 370 1013 et
386 950 475 1014 fidae
492 949 607 1020 dulcia
625 950 778 1015 membra
795 951 931 1028 domus,

95 1053 261 1141 Quosque
279 1076 345 1142 ego
361 1054 509 1120 fraterno
526 1055 631 1120 dilexi
649 1078 743 1122 more
760 1057 910 1134 sodales,
1012 1088 1013 1092 ¹
1110 1073 1144 1145 ⁶5

139 1162 171 1227 O
188 1161 272 1226 mihi
287 1162 427 1226 Thesea
443 1173 582 1245 pectora
594 1162 713 1250 juncta
731 1163 819 1229 fidel

93 1269 185 1333 Dum
202 1269 294 1344 licet,
313 1268 521 1352 amplectar:
547 1291 734 1356 numquam
752 1271 894 1337 sortasse
911 1264 1026 1338 licebit
1084 1330 1086 1336 .

136 1376 319 1461 Amplius:
340 1375 375 1438 in
391 1376 486 1440 lucro
504 1386 553 1440 est
569 1397 657 1462 quae
675 1378 773 1441 datur
791 1380 874 1443 hora
892 1379 997 1443 mihi’

92 1483 169 1548 Nec
185 1505 293 1558 mora,
313 1482 479 1547 sermonis
495 1484 600 1547 verba
617 1483 804 1576 inperfecta
821 1487 989 1571 relinquo,

138 1590 380 1674 Complectens
397 1589 511 1654 animo
528 1589 685 1674 proxima
703 1612 858 1677 quaeque
875 1613 966 1656 meu.
1108 1622 1143 1677 70

92 1698 184 1762 Dum
203 1699 322 1783 loquor
338 1708 371 1762 et
385 1696 521 1772 flemus,
540 1698 636 1762 caelo
654 1698 876 1763 nitidissimus
893 1700 975 1774 alt0,

137 1804 243 1869 Stella
260 1804 376 1890 gravis
392 1804 503 1881 nobis,
521 1802 663 1870 Lucifer
678 1818 770 1870 ortus
787 1817 878 1872 erat:

92 1911 236 1976 Dividor
253 1912 345 1975 haud
363 1911 472 1986 aliter,
491 1933 594 1998 quarn
611 1912 639 1977 si
656 1933 734 1977 mea
750 1913 905 1979 membra
922 1912 1127 2000 relinquam,

136 2017 180 2081 Et
196 2039 275 2102 pars
293 2018 448 2102 abrumpi
467 2039 608 2104 corpore
625 2020 699 2085 visa
717 2041 778 2085 suo
795 2031 857 2084 est.
893 2051 896 2054 ⁴
1003 2078 1007 2085 .

91 2123 151 2188 Sic
168 2126 274 2189 doluit
290 2124 418 2188 Mettus
435 2138 529 2200 tunc,
548 2147 627 2189 curn
644 2126 679 2189 in
691 2126 866 2191 contraria
882 2148 1000 2191 versos
1088 2185 1090 2189 Α
1107 2154 1141 2212 75

96 2302 100 2307 ,
136 2232 275 2296 Ultores
291 2231 410 2294 habuit
426 2231 626 2314 proditionis
642 2253 759 2317 equos.

91 2336 184 2401 Turn
200 2359 281 2401 vero
299 2335 448 2400 exoritur
465 2338 596 2400 clamor
611 2337 828 2423 gemitusque
846 2358 1013 2412 meorum,
1045 2396 1048 2402 .
1087 2344 1090 2351 ’

136 2444 180 2508 Et
196 2444 320 2508 feriunt
336 2452 486 2506 maestae
503 2453 641 2526 pectora
657 2443 750 2507 nuda
767 2464 902 2527 manus.

90 2551 181 2614 Tum
199 2573 280 2615 vero
298 2550 460 2636 conjunx,
480 2549 631 2614 humeris
649 2549 804 2614 abeuntis
821 2549 1016 2624 inhaerens,

96 2657 277 2744 ¹Miscuit
291 2658 378 2721 haec
394 2656 545 2722 lacrimis
561 2656 667 2721 tristia
684 2657 774 2722 dicta
791 2656 883 2721 suis:
967 2691 970 2717 ;
1106 2674 1140 2727 80

93 2763 197 2828 ‘Non
215 2775 309 2848 potes
327 2765 449 2827 avelli:
474 2764 589 2838 simul,
608 2762 674 2828 ahl
700 2763 800 2828 simul
817 2762 960 2827 ibimus'
975 2761 1084 2849 inquit
1094 2783 1104 2836 ;

137 2883 145 2909 ⁶
161 2870 214 2932 Te
231 2891 355 2954 sequar
370 2881 403 2933 et
419 2870 570 2957 conjunx
586 2870 715 2936 exsulis
731 2870 829 2934 exsul
847 2891 918 2933 ero.

91 2974 134 3037 Et
152 2973 233 3036 mihi
251 2975 340 3036 faeta
355 2973 412 3036 via
428 2986 490 3046 est,
510 2986 543 3038 et
559 2996 613 3038 me
630 2976 721 3059 capit
737 2977 855 3039 ultima
872 2974 994 3038 tellusz

135 3077 313 3141 Accedam
330 3078 498 3164 profugae
515 3079 650 3144 sarcina
667 3100 773 3164 parva
789 3080 866 3143 rati.

91 3183 144 3248 Te
157 3184 253 3273 jubet
270 3205 290 3247 a
307 3184 415 3268 patria
432 3185 607 3250 discedere
625 3185 786 3251 Caesaris
800 3184 865 3260 ira,
1105 3203 1139 3272 85

136 3292 196 3356 Me
214 3291 343 3376 pietas:
368 3292 476 3377 pietas
493 3294 580 3357 haec
596 3293 680 3357 mihi
696 3291 828 3357 Caesar
843 3290 931 3358 erit!

89 3398 191 3463 Talia
209 3401 406 3484 temptabat,
426 3399 513 3464 sicut
529 3409 752 3484 temptaverat
768 3409 859 3475 ante,

133 3507 271 3592 Vixque
288 3507 381 3571 dedit
396 3507 503 3572 victas
519 3507 662 3572 utilitate
673 3528 814 3571 manus.

89 3612 271 3700 Egredi0r‚
285 3614 414 3678 -sive
431 3613 515 3678 illud
532 3623 605 3678 erat
620 3614 694 3678 sine
712 3614 830 3678 funere
848 3613 941 3691 ferri,

134 3720 320 3805 Squalidus
337 3719 486 3784 inmissis
503 3719 591 3783 hirta
607 3740 744 3804 persora
762 3721 879 3786 comis.
961 3773 965 3778 .
1103 3755 1138 3809 90

89 3826 152 3889 Illa
170 3827 285 3888 dolore
302 3847 426 3888 amens
438 3825 586 3888 tenebris
603 3820 902 3892 narratur'obortis

133 3926 353 3994 Semianimis
370 3928 481 3992 media
499 3929 720 4012 procubuisse
737 3930 861 4005 domo;
