2476 4148
106 162 289 242 X111,143.]
455 141 571 234 Reply
594 147 643 233 os
662 146 810 234 ‚Ulyssem
1096 165 1158 218 121

29 424 31 429 ,
107 361 175 406 nec
191 342 335 427 clipeus,
352 342 438 416 vasti
456 343 607 415 caelatus
623 342 776 430 imagine
792 342 925 418 mundi,
1111 375 1162 415 110

108 447 290 524 conveniet
306 448 445 521 timidae
462 460 630 533 nataeque
648 450 691 514 ad
708 449 796 513 furta
814 449 983 514 sinistrae.

108 553 365 633 debilitaturum
380 555 462 641 quid
479 566 512 620 te
528 556 627 640 petiS,
646 555 814 640 improbe,
833 553 981 622 munus?

108 660 201 747 quod
218 660 278 725 tibi
294 660 322 725 si
338 661 456 747 populi
473 661 651 735 donaverit
668 682 761 726 error
777 659 918 738 Achivi,

110 787 173 830 cur
189 766 346 852 spolieris
362 767 436 844 erit,
455 790 524 832 non
541 788 601 831 cur
619 767 779 840 metuaris
797 767 842 832 ab
860 769 978 834 hoster

109 882 144 938 et
159 872 257 960 suga,
274 894 343 959 qua
359 874 432 942 sola
449 885 602 948 cunctos,
621 873 849 949 timidissime,
867 876 989 950 vincis,
1112 906 1159 962 1¹5

108 980 207 1044 tarda
224 979 337 1044 sutura
353 979 413 1044 tibi
430 990 480 1044 est
496 979 689 1066 gestamina
707 990 799 1043 tanta
818 982 977 1047 trahenti.

156 1083 283 1152 ‘Adde
300 1086 390 1173 quod
407 1085 470 1160 iste
486 1098 576 1160 tuus,
594 1097 663 1160 tam
681 1105 758 1150 raro
775 1088 905 1171 proelia
922 1110 1057 1174 passus,

108 1193 243 1280 integer
260 1203 312 1258 est
326 1191 478 1276 clipeus:
503 1205 631 1267 nostru,
649 1191 707 1277 qui
724 1193 792 1257 tela
809 1193 950 1260 ferendo

109 1299 203 1364 mille
220 1310 311 1385 patet
327 1299 452 1386 plagiS,
472 1320 580 1364 novus
598 1309 650 1362 est
665 1319 843 1364 successor
860 1301 1051 1366 habendus.

109 1406 271 1493 denique,
289 1405 372 1491 quid
388 1404 501 1470 verbis
517 1426 604 1489 opus
621 1403 692 1470 est?
739 1404 943 1490 Spectemur
960 1405 1117 1494 agendol

111 1533 208 1577 arma
224 1511 288 1577 viri
304 1511 399 1577 sortis
415 1510 547 1576 medios
563 1510 738 1576 mittantur
755 1511 791 1576 in
808 1513 943 1578 hostes:

109 1619 191 1713 inde
203 1618 319 1706 jubete
336 1618 418 1704 peti,
436 1629 470 1683 et
485 1620 688 1684 referentem
707 1629 824 1685 ornate
842 1619 981 1684 relatis.’

155 1725 310 1791 Finierat
324 1725 515 1791 Telamone
532 1737 639 1800 satus,
657 1725 821 1811 vulgique
839 1739 993 1804 secutum

109 1833 231 1898 ultima
248 1853 400 1896 murmur
416 1844 508 1906 erat3
533 1831 645 1897 donec
661 1829 820 1896 Laertius
837 1833 938 1898 heros
1017 1879 1023 1889 -

112 1939 227 2013 astitit,
246 1949 347 2024 atque
363 1938 480 2003 oculos
497 1938 639 2022 paulum
655 1939 776 2003 tellure
793 1951 940 2005 moratos
1115 1970 1162 2024 125

112 2045 246 2111 sustulit
262 2045 306 2110 ad
322 2065 495 2130 proceres,
513 2057 761 2132 expectatoque
779 2047 916 2113 resolvit

111 2173 173 2220 ora
189 2173 294 2226 sono;
319 2172 431 2237 neque
448 2150 544 2216 abest
560 2151 717 2216 facundis
733 2153 844 2240 gratia
861 2153 972 2219 dictis.

160 2269 169 2300 ‘
185 2257 224 2323 Si
240 2279 317 2323 mea
334 2278 413 2322 cum
429 2259 551 2322 vestris
567 2258 754 2322 valuissent
769 2271 862 2333 vota,
881 2260 1034 2347 Pelasgi,

113 2389 182 2433 non
198 2367 285 2432 soret
300 2365 484 2452 ambiguus
500 2365 583 2429 tanti
601 2366 796 2431 certaminis
814 2368 925 2441 heres,

113 2486 218 2560 tuque
234 2473 299 2538 tuis
317 2472 432 2548 armis,
452 2484 562 2537 noste
580 2483 786 2557 poteremur,
804 2471 955 2539 Achille.
1116 2505 1165 2558 130

114 2601 217 2667 quem
233 2579 396 2665 quoniam
413 2601 482 2644 non
500 2599 610 2665 aequa
627 2578 711 2642 mihi
727 2579 892 2666 vobisque
910 2590 1080 2668 negarunt

115 2686 209 2762 sata,'
226 2707 398 2771 manuque
415 2685 516 2750 simul
533 2685 638 2749 veluti
655 2685 868 2752 lacrimantia
884 2687 978 2751 tersit

116 2793 247 2858 lumina
265 2793 365 2878 ‘quis
384 2813 513 2879 magno
532 2791 652 2857 melius
670 2793 832 2859 succedat
848 2791 991 2866 Achilli,

117 2921 220 2987 quam
238 2919 417 2984 perquem
435 2919 583 2986 magnus
601 2899 734 2964 Danais
752 2900 915 2964 successit
930 2898 1109 2965 Achilles?

118 3006 198 3071 huic
214 3005 316 3070 modo
333 3026 377 3069 ne
394 3005 511 3090 prosit,
530 3006 635 3090 quod,
652 3005 699 3070 uti
717 3016 780 3080 est,
798 3006 905 3070 hebes
921 3026 996 3070 esse
1012 3007 1166 3072 videturz

117 3132 206 3177 neve
220 3109 302 3175 mihi
314 3123 448 3187 noceat,
466 3114 558 3197 quod
575 3112 670 3177 vobis
687 3133 836 3196 semper,
854 3109 993 3186 Achivi,

117 3219 244 3306 proluit
259 3218 457 3304 ingenium3
483 3239 628 3304 meaque
644 3219 733 3282 haec
750 3216 923 3291 facundia,
944 3217 1040 3304 siqua
1057 3229 1121 3293 est,

118 3344 208 3410 quae
225 3343 316 3388 nunc
334 3343 396 3407 pro
412 3322 563 3396 domino,
582 3344 644 3407 pro
659 3323 756 3388 vobis
773 3344 877 3408 saepe
896 3323 1006 3387 locuta
1025 3335 1087 3398 est,

119 3429 247 3495 invidia
265 3439 400 3502 careat3
424 3429 516 3492 bona
532 3449 595 3492 nec
612 3449 674 3491 sua
691 3429 835 3514 quisque
853 3440 998 3494 recuset.

166 3535 283 3600 ‘Nam
300 3556 411 3620 genus
428 3545 461 3598 et
477 3555 623 3617 proavos
639 3546 671 3597 et
686 3556 775 3619 quae
793 3558 860 3600 non
879 3536 1022 3600 fecimus
1041 3535 1118 3620 ipsi,

119 3641 179 3706 vix
195 3662 237 3706 ea
252 3652 366 3704 nostra
382 3661 480 3704 voco.
529 3638 600 3704 Sed
617 3639 722 3714 enim,
740 3641 820 3727 quia
837 3643 962 3708 rettulit
980 3642 1072 3730 Ajax

120 3768 197 3812 esse
209 3746 305 3832 Jovis
321 3765 505 3831 pronepos
524 3745 628 3810 nostri
645 3767 780 3833 quoque
797 3749 977 3834 sanguinis
997 3761 1116 3815 auctor

116 3853 274 3944 Juppiter
289 3863 350 3928 est,
367 3851 574 3943 totidemque
589 3852 721 3938 gradus
737 3853 903 3920 distamus
920 3856 963 3920 ab
980 3856 1051 3922 illo.
