2476 4148
109 111 133 178 6
295 134 321 179 1.
360 113 396 180 Τ
390 115 434 198 leeg
461 113 625 180 Creation
649 113 724 177 and
744 113 800 178 the
822 113 947 178 Flood.
1019 129 1162 202 [Marau.

111 332 176 375 nec
193 310 400 376 circumfuso
417 311 589 396 pendebat
606 310 641 374 in
659 315 738 374 aere
753 309 875 376 Tellus

111 417 320 502 ponderibus
337 418 459 482 librata
477 418 560 494 suis,
579 439 644 482 nec
659 417 801 482 brachia
819 417 924 505 longo

112 524 268 611 margine
285 535 451 588 terrarum
468 533 669 609 porrexerat
684 523 913 608 Amphitrite3

111 651 247 716 quaque
263 629 325 694 suit
341 631 454 706 tellus,
473 630 543 695 illic
560 643 592 696 et
613 641 736 715 pontus
754 640 785 694 et
802 635 873 694 aer.

157 735 220 801 Sic·
232 747 305 800 erat
319 736 487 801 instabilis
503 738 614 812 tellus,
631 736 792 802 innabilis
807 737 914 812 unda,

110 843 197 908 lucis
214 864 322 929 egens
338 848 417 907 a'e'r:
443 843 527 907 nulli
546 865 608 908 sua
625 843 734 908 forma
752 843 924 920 manebat,

111 950 334 1036 obstabatque
352 950 428 1015 aliis
445 950 551 1024 aliud,
570 949 649 1036 quia
667 970 809 1034 corpore
826 949 860 1012 in
877 972 947 1016 uno

111 1056 235 1142 frigida
253 1057 456 1144 pugnabant
472 1056 605 1130 calidis,
625 1056 801 1124 humentia
818 1055 931 1132 siccis,

110 1163 227 1227 mollia
244 1184 322 1227 cum
340 1162 446 1238 duriS,
466 1163 538 1227 sine
556 1162 707 1247 pondere
725 1162 886 1226 habentia
903 1163 1050 1247 pondus,

156 1269 258 1333 Hanc
275 1269 360 1334 deus
376 1280 409 1334 et
425 1269 545 1334 melior
561 1269 653 1332 litem
671 1278 793 1332 natura
810 1268 957 1334 diremit.

109 1396 191 1438 nam
208 1374 304 1440 caelo
320 1385 427 1440 terras
444 1385 478 1441 et
493 1375 589 1440 terris
607 1373 891 1451 abscidit-undas,

110 1493 142 1547 et
158 1482 324 1568 liquidum
342 1481 452 1567 spisso
469 1481 613 1547 secrevit
629 1481 672 1545 ab
691 1486 769 1546 aere
787 1482 934 1545 caelum.

109 1609 197 1674 quae
215 1600 395 1675 postquam
414 1588 538 1653 evolvit
554 1608 726 1674 caecoque
744 1587 871 1652 exemit
887 1609 1024 1666 acervn,

109 1694 291 1759 dissociata
307 1694 391 1760 locis
409 1693 569 1760 concordi
587 1714 673 1778 pace
690 1693 822 1780 ligavit.

154 1800 264 1887 Ignea
280 1800 425 1866 convexi
442 1801 493 1865 vis
510 1811 543 1864 et
558 1799 632 1865 sine
650 1801 801 1884 pondere
818 1800 905 1865 caeli

108 1907 259 1982 emicuit,
278 1928 479 1994 summaque
496 1907 610 1972 locum
627 1907 690 1973 sibi
707 1906 787 1973 fecit
803 1907 839 1972 in
856 1929 948 1974 arce.

107 2014 285 2098 proximus
302 2024 353 2080 est
368 2019 427 2079 aer
443 2014 491 2079 illi
509 2014 646 2080 levitate
663 2015 828 2102 locoque3

107 2121 245 2186 densior
263 2120 315 2186 his
331 2121 444 2195 tellus,
463 2122 701 2209 elementaque
717 2121 864 2209 grandia
881 2121 983 2188 traxit

107 2239 140 2293 et
156 2249 274 2313 pressa
291 2238 341 2293 est
357 2228 525 2316 gravitate
541 2249 625 2302 sua3
652 2227 871 2293 circumfluus
889 2230 1011 2293 humor

31 2313 41 2329 ”
106 2335 226 2400 ultima
243 2336 404 2421 possedit,
423 2336 638 2422 solidumque
655 2334 805 2404 coercuit
820 2335 950 2399 orbem.

152 2441 286 2506 Sicubi
303 2441 516 2527 dispositam,
533 2441 687 2528 quisquis
705 2440 767 2505 fuit
783 2441 840 2505 ille
857 2442 1010 2516 deorum,

106 2549 304 2635 congeriem
322 2548 442 2623 secuit,
461 2559 657 2633 sectamque
674 2547 708 2611 in
727 2546 880 2612 membra
897 2546 1042 2635 redegit,

106 2654 274 2738 principio
290 2665 428 2731 terram,
443 2675 486 2718 ne
499 2674 567 2716 non
579 2654 732 2740 aequalis
750 2654 791 2718 ab
809 2652 901 2718 omni

104 2771 200 2846 parte
217 2760 316 2837 foret,
334 2764 452 2848 magni
469 2761 619 2846 speciem
637 2759 842 2848 glomeravit
858 2760 891 2824 in
908 2759 1013 2824 orbis.

104 2879 177 2932 tum
193 2868 277 2932 freta
294 2867 441 2943 diffudit,
460 2867 657 2954 rapidisque
675 2879 864 2932 tumescere
881 2865 991 2932 ventis

101 2973 212 3062 jussit,
232 2984 265 3039 et
281 2974 428 3039 ambitae
445 2974 659 3039 circumdare
676 2974 774 3038 litora
790 2984 911 3038 terrae.

105 3080 235 3145 addidit
250 3092 284 3145 et
299 3081 407 3146 fontes
425 3091 457 3144 et
473 3090 597 3167 stagna
614 3080 782 3144 immensa
800 3080 978 3166 lacusque,

103 3185 313 3274 fluminaque
329 3186 475 3273 obliquis
492 3186 598 3251 cinxit
614 3185 759 3252 declivia
775 3186 870 3272 ripiS,

103 3313 205 3378 quae,
224 3293 359 3357 diversa
374 3281 472 3368 locis,
490 3291 612 3377 partim
629 3293 808 3358 sorbentur
825 3293 867 3358 ab
885 3291 973 3378 ipsa,
1118 3324 1156 3377 40

103 3397 138 3461 in
157 3420 250 3463 mare
267 3398 468 3483 perveniunt
484 3399 620 3484 partim,
639 3419 830 3486 campoque
847 3410 984 3484 recepta

103 3504 270 3570 liberioris
287 3525 396 3590 aquae
413 3527 474 3590 pro
491 3506 573 3590 ripis
590 3506 688 3570 litora
705 3507 854 3590 pulsant.

100 3611 200 3700 jussit
215 3623 248 3676 et
264 3611 400 3676 extendi
417 3633 572 3697 campos,
591 3612 768 3677 subsidere
785 3613 907 3688 valles,

24 3743 30 3752 ·
101 3717 222 3784 fronde
239 3717 307 3807 tegi
326 3718 443 3793 silvas,
461 3718 635 3808 lapidosos
652 3740 794 3805 surgere
812 3730 956 3784 montes.

146 3824 260 3913 thue
278 3826 367 3892 duae
384 3825 504 3889 dextra
520 3824 656 3888 caelum
672 3825 880 3913 totidemque
896 3825 1031 3891 sinistra
1115 3863 1150 3916 45
