2476 4148
96 130 160 202 172
470 115 619 184 Skorter
640 117 775 185 Poems.
844 189 846 192 ,
995 133 1149 212 [Tarsam.

95 314 133 381 Si
151 313 230 378 licet
247 314 414 398 exemplis
431 313 466 377 in
483 335 589 399 parvo
606 315 796 400 grandibus
812 312 873 388 uti,
1115 342 1148 399 25

142 420 240 484 Haec
259 419 364 483 iacies
381 419 521 506 Trojae,
540 441 618 483 cum
637 432 827 504 caperetur,
848 429 931 483 erat.

90 528 237 616 Jamque
254 526 476 612 quiescebant
492 547 594 590 voces
612 526 857 610 hominumque
874 546 1081 611 canumque,

140 632 309 718 Lunaque
327 643 511 695 nocturnos
530 633 597 694 alta
615 632 757 717 regebat
774 653 892 716 equos.

96 739 198 804 Hanc
216 762 281 826 ego
298 738 488 822 suspiciens
505 747 538 800 et
554 738 597 801 ab
615 739 681 800 hac
698 736 869 822 Capitolia
886 759 1046 813 cernens,

141 845 241 929 Quae
259 857 371 910 nostro
389 844 511 907 frustra
525 842 644 929 juncta
661 844 755 907 suere
773 829 848 918 lari,
1112 874 1147 929 30

96 952 273 1017 ‘Numina
289 952 411 1016 vicinis
429 949 617 1015 habitantia
634 951 798 1024 sedibus‚’
817 951 970 1036 inquam,
996 944 1001 952 ’

141 1060 308 1146 ‘Jamque
324 1058 434 1123 oculis
450 1077 639 1143 numquam
656 1058 784 1140 templa
801 1056 949 1121 videnda
967 1055 1066 1133 meis,

94 1164 207 1252 Dique
224 1165 451 1252 relinquendi,
470 1186 554 1251 quos
571 1164 652 1228 urbs
670 1174 760 1228 tenet
776 1164 844 1227 alta
863 1161 1014 1246 Quirini,

139 1271 220 1337 Este
236 1274 370 1337 salutati
387 1285 521 1357 tempus
538 1273 573 1335 in
590 1293 692 1336 omne
710 1268 814 1334 mihil

93 1376 138 1442 Et
153 1400 363 1464 quamquam
379 1401 455 1443 sero
471 1379 620 1463 clipeum
638 1390 715 1464 post
731 1378 874 1443 vulnera
891 1400 1003 1453 sumo,
1110 1406 1145 1466 35

137 1484 300 1550 Attamen
317 1487 407 1550 hanc
423 1486 510 1551 odiis
527 1497 712 1550 exonerate
730 1486 863 1572 lugam,

91 1589 309 1678 Caelestique
326 1591 410 1667 viro,
429 1591 505 1679 quis
524 1613 578 1655 me
595 1591 768 1675 deceperit
786 1611 893 1667 error,

138 1698 270 1762 Dicite:
296 1719 357 1783 pro
375 1699 535 1784 culpane
553 1698 666 1762 scelus
685 1718 759 1761 esse
778 1709 882 1782 putet.

90 1803 139 1870 Ut
155 1805 246 1890 quod
262 1827 322 1869 vos
339 1804 444 1879 scitis,
463 1825 594 1889 poenae
612 1813 747 1890 quoque
766 1805 889 1868 sentiat
905 1815 1035 1882 auctor,

135 1910 276 1976 Placato
292 1932 431 1995 possum
449 1932 517 1974 non
535 1911 638 1975 miser
656 1931 730 1974 esse
748 1911 841 1993 deo.'y
1108 1923 1150 1996 40¹

92 2015 171 2080 Hac
187 2037 288 2100 prece
305 2016 443 2080 adoravi
461 2037 603 2100 superos
621 2038 707 2102 eg03
734 2017 889 2102 pluribus
905 2039 1006 2095 uxor,

1 2103 4 2108 Ι
136 2121 297 2209 Singultu
315 2122 445 2186 medios
462 2121 669 2207 impediente
687 2144 803 2187 sonos.

89 2227 154 2292 Illa
171 2230 286 2304 etiam,
305 2239 382 2293 ante
400 2228 509 2295 Lares
525 2230 636 2314 passis
653 2240 821 2314 prostrata
839 2230 987 2314 capillis,

137 2335 289 2422 Contigit
306 2335 488 2400 exstinctos
505 2357 564 2401 ore
580 2347 746 2400 tremente
763 2337 870 2412 socos
900 2321 902 2324 ⁵
967 2396 969 2400 .

89 2440 268 2526 Multaque
285 2441 320 2505 in
337 2429 498 2506 adve‘rsos
515 2441 634 2529 effudit
650 2443 756 2507 verba
772 2441 921 2507 Penates
1107 2472 1144 2530 45

134 2547 201 2612 Pro
218 2549 393 2631 deplorato
410 2570 479 2612 non
495 2549 641 2612 valitura
657 2549 742 2614 viro.
771 2551 774 2555 ’

83 2653 230 2741 Jamque
248 2676 362 2717 morae
379 2654 524 2737 spatium
543 2677 612 2718 nox
630 2656 853 2741 praecipitata
870 2657 1033 2745 negabat,

131 2759 311 2846 Versaque
328 2759 371 2824 ab
389 2781 453 2824 axe
471 2782 532 2825 suo
551 2760 730 2826 Parrhasis
749 2774 859 2828 arctos
877 2775 961 2827 erat.

89 2864 183 2938 Quid
200 2865 370 2930 facerem?
394 2868 520 2932 blando
538 2869 668 2953 patriae
686 2870 856 2934 retinebar
873 2891 1011 2944 amore;

131 2973 261 3039 Ultima
278 2974 339 3038 sed
351 2973 468 3061 jussae
485 2997 554 3039 nox
572 2988 644 3040 erat
661 2978 722 3056 illa¹
737 2977 854 3063 fugae.
1106 3006 1142 3063 30

86 3079 165 3144 Ah!
191 3080 345 3166 quotiens
363 3082 477 3168 aliquo
494 3083 565 3148 dixi
583 3096 788 3168 properante
807 3097 815 3123 ⁶
834 3081 929 3165 Quid
945 3080 1096 3170 urgues?

130 3186 196 3250 Vel
214 3209 281 3272 quo
297 3187 435 3253 festines
452 3189 515 3265 ire,
536 3193 589 3256 vel
607 3193 712 3266 unde,
730 3189 829 3255 videl
845 3191 853 3218 '
1128 3175 1131 3179 ⁵

85 3291 165 3356 Ahl
191 3294 346 3378 quotiens
363 3309 491 3361 certam
511 3319 565 3362 rne
583 3320 659 3362 sum
677 3298 836 3362 mentitus
852 3297 980 3361 habere

132 3398 276 3475 Horam,
295 3403 489 3487 propositae
507 3424 596 3489 quae
614 3405 699 3469 soret
715 3415 794 3488 apta
811 3403 900 3468 viae.

85 3504 156 3569 Ter
171 3506 276 3571 limen
293 3509 402 3596 tetigi,
421 3521 471 3573 ter
487 3531 563 3572 sum
580 3522 771 3596 revocatus,
790 3522 823 3576 et
838 3511 912 3596 ipse
1103 3540 1138 3599 55

130 3611 321 3702 Indulgens
339 3616 455 3680 animo
472 3636 533 3699 pes
550 3613 633 3678 mihi
650 3616 766 3680 tardus
783 3628 856 3681 erat
866 3637 875 3695 ;

85 3718 199 3809 Saepe
229 3721 312 3787 Vale
328 3721 418 3786 dicto
434 3742 551 3784 rursus
568 3742 645 3784 sum
661 3722 767 3785 multa
785 3723 931 3799 locutus,

101 3911 104 3915 ,
130 3827 174 3896 Et
190 3827 287 3915 quasi
305 3826 485 3892 discedens
502 3827 620 3892 oscula
637 3848 771 3893 summa
788 3828 889 3906 dedi;
