2476 4148
104 149 149 216 82
404 146 476 213 Tae
504 146 721 234 Calydombn
744 146 860 214 Hunt.
1012 164 1160 237 [Maron.

106 368 175 411 non
192 347 289 421 foret,
308 343 343 409 in
358 354 457 432 tergo
472 343 548 409 visa
563 356 616 410 est
632 346 779 410 haesura
795 342 899 429 petito
910 380 957 394 -

105 452 243 538 longius
260 451 304 514 it:
331 462 448 515 auctor
464 451 521 515 teli
539 450 740 537 Pagasaeus
758 451 872 515 Iason.

107 557 294 632 ‘Phoebe‚'
312 557 357 623 ait
373 556 587 644 Ampycides
606 559 656 622 ‘si
672 569 704 622 te
722 558 878 643 coluique
896 556 1056 646 coloque,
1108 591 1163 647 350

105 664 151 729 da
168 663 251 726 mihi
268 664 358 749 quod
375 663 498 748 petitur
515 675 606 728 certo
623 663 822 749 contingere
838 663 906 728 telo
919 662 948 727 l'

106 790 173 856 qua
190 769 308 853 potuit,
326 769 484 854 precibus
501 768 586 833 deus
603 768 734 833 annuit.
783 767 875 834 Ictus
893 771 936 835 ab
953 770 1013 838 illo
1030 782 1094 850 est,

106 875 167 940 sed
184 874 257 938 sinc
275 875 428 949 vulnere,
447 896 551 959 aper:
577 875 703 938 ferrum
721 873 836 939 Diana
853 876 982 942 volanti

106 981 292 1045 abstulerat
304 980 441 1068 jaculo;
466 981 600 1068 lignum
617 981 690 1045 sine
708 965 867 1047 acumine
883 983 990 1048 venit.

151 1087 206 1150 Ira
223 1086 285 1150 seri
304 1098 394 1152 mota
410 1098 473 1162 est,
492 1108 557 1150 nec
574 1087 715 1152 fulmine
733 1088 843 1153 lenius
862 1089 962 1154 arsit:
1107 1120 1160 1177 355

105 1193 230 1258 emicat
246 1214 289 1257 ex
306 1192 426 1268 oculis,
445 1193 551 1277 spirat
567 1214 703 1279 quoque
721 1195 857 1280 pectore
873 1194 1028 1260 flamma.

105 1312 208 1386 utque
225 1300 317 1364 volat
334 1300 440 1363 moles
459 1300 605 1364 adducto
622 1301 756 1366 concita
773 1323 892 1377 nerv0‚

105 1428 184 1471 curn
201 1406 284 1492 petit
299 1416 357 1470 aut
373 1428 501 1482 muros,
520 1417 578 1471 aut
594 1408 715 1493 plenas
732 1409 837 1474 milite
853 1420 976 1486 turres,

105 1514 140 1578 in
153 1514 297 1602 juvenes
314 1526 406 1579 certo
423 1514 472 1578 sic
488 1514 614 1599 impete
630 1516 812 1580 vulnificus
829 1537 887 1580 sus

105 1621 221 1696 fertur,
241 1631 274 1685 et
289 1618 507 1706 Eupalamon
523 1620 782 1709 Pelagonaque‚
802 1623 922 1686 dextra
938 1632 1074 1688 tuentes
1105 1639 1159 1708 360

104 1748 246 1803 cornua,
267 1728 457 1812 prosternit.
506 1727 600 1794 Socii
617 1750 762 1814 rapuere
775 1728 930 1817 jacentes
941 1751 951 1805 3

105 1843 139 1898 at
155 1854 223 1898 non
240 1834 388 1899 letiferos
405 1835 527 1922 effugit
542 1835 747 1900 Enaesimus
764 1836 850 1900 ictus
871 1898 873 1901 .

106 1939 346 2025 Hippocoonte
364 1953 476 2005 satus:
502 1942 727 2026 trepidantem
745 1953 778 2006 et
792 1953 891 2029 terga
907 1952 1088 2028 parantem

103 2059 234 2111 vertere
251 2047 383 2112 succiso
399 2048 572 2134 liquerunt
588 2048 714 2134 poplite
731 2049 840 2114 nervi.

103 2154 244 2220 forsitan
261 2165 294 2220 et
309 2154 430 2241 Pylius
447 2155 529 2219 citra
545 2155 698 2243 Trojana
716 2155 859 2240 perisset
912 2205 913 2208 ,
1103 2173 1153 2244 365

102 2273 279 2347 tempora:
304 2262 364 2327 sed
381 2273 516 2347 sumpto
533 2262 641 2348 posita
659 2262 840 2327 conamine
858 2263 901 2327 ab
918 2253 1018 2328 hasta

103 2369 233 2434 arboris
250 2368 391 2444 insiluit,
410 2390 498 2455 quae
515 2369 625 2434 stabat
641 2368 810 2453 proxima,
830 2369 947 2445 ramis,

9 2528 15 2549 ,
102 2475 339 2562 despexitque,
358 2476 433 2541 loco
449 2488 552 2551 tutus,
571 2474 825 2562 quem-fugerat
841 2476 986 2540 hostem.

147 2583 316 2648 Dentibus
333 2583 390 2647 ille
407 2583 504 2648 ferox
520 2582 554 2646 in
571 2603 700 2668 querno
718 2581 828 2666 stipite
845 2582 929 2647 tritis

101 2689 256 2754 imminet
271 2690 388 2765 exitio,
407 2690 584 2774 fidensque
601 2688 794 2753 recentibus
813 2688 915 2753 armis
1101 2718 1152 2775 370

102 2797 292 2883 Ornytidae
310 2797 428 2884 magni
445 2807 552 2861 rostro
569 2795 679 2860 femur
697 2793 809 2858 hausit
825 2794 972 2860 adunco.

102 2915 136 2968 at
152 2904 295 2991 gemini,
314 2905 466 2970 nondum
485 2902 645 2968 caelestia
661 2901 785 2977 sidera,
805 2901 938 2977 fratres,

101 3012 203 3075 ambo
220 3011 408 3096 conspicui,
428 3011 506 3075 nive
523 3008 777 3074 candidioribus
794 3008 894 3073 ambo

100 3119 323 3182 vectabantur
338 3117 447 3204 equis,
468 3118 570 3181 ambo
586 3115 718 3180 vibrata
736 3135 797 3199 per
814 3135 915 3179 auras

101 3222 276 3288 hastarum
292 3224 437 3289 tremulo
455 3223 653 3310 quatiebant
670 3221 803 3307 spicula
820 3231 926 3299 motu..
1100 3250 1150 3308 375

99 3332 242 3394 vulnera
259 3330 431 3405 fecissent,
450 3330 514 3394 nisi
533 3329 682 3416 saetiger
698 3328 785 3393 inter
802 3348 929 3412 opacas

99 3456 165 3499 nec
177 3436 301 3523 jaculis
317 3436 398 3500 isset
413 3457 478 3500 nec
494 3458 582 3521 equo
598 3435 674 3499 loca
692 3434 822 3518 pervia,
842 3434 958 3498 silvas.

144 3542 363 3628 Persequitur
378 3542 563 3615 Telamon,
583 3541 761 3625 studioque
781 3539 938 3604 incautus
956 3538 1061 3604 eundi

99 3670 227 3733 pronus
245 3649 287 3712 ab
305 3648 447 3713 arborea
465 3647 588 3711 cecidit
604 3646 719 3710 radice
737 3657 896 3711 retentus.

99 3755 180 3818 dum
197 3754 288 3819 levat
303 3753 396 3817 hunc
412 3752 549 3827 Peleus,
568 3753 714 3817 celerem
733 3751 900 3838 Tegeaea
917 3752 1080 3840 sagittam
1100 3770 1152 3838 380

97 3861 259 3948 imposuit
275 3882 392 3937 nervo,
412 3859 612 3945 sinuatoque
629 3857 760 3943 expulit
776 3878 871 3923 arcu.
898 3858 902 3866 '
