2476 4148
70 143 110 197 X.
124 141 199 213 2¹9]
378 125 497 217 Deatlr
520 128 569 213 (ff
580 76 814 216 &amathusi

70 319 233 386 Phoebus
251 319 310 398 ait,
327 320 495 410 videoque
510 332 620 402 tuum,
638 345 716 389 mea
733 323 889 400 crimina,
907 323 1042 392 vulnus.

70 437 108 492 tu
125 427 223 492 dolor
238 448 289 504 es,
308 428 508 515 facinusque
525 451 661 496 meum:
686 449 765 494 mea
781 430 923 495 dextera
940 430 1008 497 leto

71 531 292 597 inscribenda
307 543 365 599 tuo
382 545 452 609 est3
477 556 543 621 ego
560 557 635 600 sum
651 535 711 600 tibi
729 535 859 600 funeris
876 546 1004 604 auctor.

72 658 162 725 quae
179 658 257 703 mea
273 640 375 725 culpa
391 640 528 705 tamen?
552 640 618 706 nisi
635 640 663 705 si
680 640 802 706 lusisse
820 641 935 706 vocari
1072 675 1124 714 200

73 744 183 828 culpa.
191 753 314 829 potest,
333 744 398 811 nisi
414 746 516 831 culpa
532 756 642 831 potest
657 756 691 811 et
707 767 842 812 amasse
858 747 986 813 vocari.

73 860 176 935 atque
191 848 322 914 utinam
339 872 401 935 pro
417 861 449 916 te
465 851 584 928 vitam,
603 861 760 917 tecumve
778 851 896 919 liceret

72 952 238 1020 redderet
286 953 391 1040 Quod
406 956 568 1042 quoniam
585 957 680 1023 fatali
698 959 776 1046 lege
792 969 960 1035 tenemur,

73 1081 209 1147 semper
225 1061 292 1128 eris
310 1083 457 1139 mecum,
477 1063 688 1150 memorique
705 1065 862 1131 haerebis
878 1065 913 1130 in
929 1087 1001 1132 ore.

71 1178 105 1233 te
122 1168 198 1256 lyra
214 1169 314 1254 pulsa
331 1190 448 1247 manu,
466 1180 500 1235 te
517 1171 670 1236 carmina
688 1181 802 1237 nostra
819 1172 1010 1247 sonabunt3
1072 1201 1123 1258 203
1154 1258 1159 1268 Ι

71 1273 203 1361 flosque
219 1297 329 1341 novus
345 1276 470 1362 scripto
486 1277 634 1365 gemitus
650 1277 828 1343 imitabere
845 1288 999 1344 nostros:

71 1391 207 1466 tempus
224 1392 257 1447 et
272 1382 358 1448 illud
374 1382 448 1461 erit,
466 1403 534 1469 quo
551 1405 588 1449 se
605 1383 807 1450 fortissimus
824 1384 925 1450 heros

72 1487 178 1552 addat
192 1487 228 1551 in
245 1488 337 1554 hunc
352 1488 486 1566 florem,
504 1489 653 1577 folioque
670 1490 805 1577 legatur
820 1490 979 1555 eodem.''

119 1604 128 1634 ‘
144 1593 247 1676 Talia
262 1595 345 1660 dum
360 1616 442 1661 vero
459 1606 693 1661 memorantur
707 1594 880 1680 Apollinis
897 1617 969 1673 ore,

71 1721 155 1766 ecce
171 1721 283 1778 cruor,
301 1702 360 1788 qui
376 1702 471 1768 fusus
488 1703 593 1770 humo
610 1704 808 1791 signaverat
824 1704 981 1781 herbam,
1072 1737 1125 1778 210

72 1806 197 1873 desinit
213 1828 289 1874 esse
304 1829 416 1893 cruor,
434 1808 611 1896 Tyrioque
628 1809 786 1876 nitentior
801 1819 893 1876 ostro

71 1913 136 1980 flos
151 1913 269 1991 oritur,
288 1914 500 2002 formamque
516 1917 608 2002 capit
623 1938 727 2004 quam
744 1915 828 1993 lilia,
847 1916 875 1983 si
892 1938 962 1984 non

72 2041 265 2107 purpureus
282 2020 375 2086 color
391 2021 457 2098 his,
476 2033 660 2110 argenteus
677 2033 767 2089 esset
782 2022 818 2088 in
835 2022 916 2088 illis.
958 2084 959 2089 ,

71 2125 237 2192 nonsatis
253 2127 320 2191 hoc
335 2125 476 2193 Phoebo
492 2139 543 2194 est
558 2128 605 2214 (is
622 2129 716 2210 eninr
727 2128 789 2195 luit
805 2141 924 2195 auctor
940 2129 1098 2218 honoris)
1113 2154 1122 2195 t

71 2231 147 2317 ipse
164 2253 244 2297 suos
260 2232 409 2320 gemitus
425 2234 513 2299 soliis
529 2233 694 2312 inscribit,
713 2245 746 2300 et
770 2253 810 2300 ΑΙ
833 2253 873 2299 ΑΙ
1073 2266 1123 2322 215

71 2338 137 2404 flos
153 2338 256 2402 habet
272 2337 483 2423 inscriptum,
502 2339 704 2426 funestaque
721 2340 831 2405 littera
848 2340 951 2405 ducta
968 2350 1031 2406 est.

72 2464 139 2509 nec
154 2443 316 2531 genuisse
331 2445 437 2529 pudet
452 2444 601 2538 Sparten
619 2446 856 2533 Hyacinthon,
874 2447 1052 2533 honorque

73 2553 174 2617 durat
189 2549 224 2614 in
241 2550 307 2614 hoc
325 2550 422 2627 aevi3
447 2551 723 2641 celebrandaque
740 2573 833 2618 more
849 2552 1001 2638 priorum

74 2675 191 2723 annua
204 2656 358 2743 praelata
374 2657 518 2726 redeunt
534 2658 747 2749 Hyacinthia
763 2659 917 2746 pompa.'
