<?xml version="1.0" encoding="UTF-8"?>
<!DOCTYPE html PUBLIC "-//W3C//DTD XHTML 1.0 Transitional//EN"
    "http://www.w3.org/TR/xhtml1/DTD/xhtml1-transitional.dtd">
<html xmlns="http://www.w3.org/1999/xhtml" xml:lang="en" lang="en">
 <head>
  <title>
</title>
<meta http-equiv="Content-Type" content="text/html;charset=utf-8" />
  <meta name='ocr-system' content='tesseract 3.04.00' />
  <meta name='ocr-capabilities' content='ocr_page ocr_carea ocr_par ocr_line ocrx_word'/>
</head>
<body>
  <div class='ocr_page' id='page_1' title='image "./selectionsfromp00greegoog_0107.png"; bbox 0 0 2476 4148; ppageno 0'>
   <div class='ocr_carea' id='block_1_1' title="bbox 92 145 1145 238">
    <p class='ocr_par' dir='ltr' id='par_1_1' title="bbox 92 145 1145 238">
     <span class='ocr_line' id='line_1_1' title="bbox 92 145 1145 238; baseline 0.003 -25"><span class='ocrx_word' id='word_1_1' title='bbox 92 169 139 238; x_wconf 90' lang='lat'>90</span> <span class='ocrx_word' id='word_1_2' title='bbox 392 147 574 214; x_wconf 75' lang='lat' dir='ltr'><em>Philemon</em></span> <span class='ocrx_word' id='word_1_3' title='bbox 598 146 672 213; x_wconf 86' lang='lat' dir='ltr'>and</span> <span class='ocrx_word' id='word_1_4' title='bbox 692 145 837 213; x_wconf 66' lang='lat' dir='ltr'>Baucrlr.</span> <span class='ocrx_word' id='word_1_5' title='bbox 1002 161 1145 233; x_wconf 74' lang='lat' dir='ltr'>[Morsu.</span> 
     </span>
    </p>
   </div>
   <div class='ocr_carea' id='block_1_2' title="bbox 4 340 1149 3927">
    <p class='ocr_par' dir='ltr' id='par_1_2' title="bbox 95 340 1062 536">
     <span class='ocr_line' id='line_1_2' title="bbox 95 340 1062 429; baseline -0.005 -17"><span class='ocrx_word' id='word_1_6' title='bbox 95 345 262 412; x_wconf 90' lang='lat' dir='ltr'>candidus</span> <span class='ocrx_word' id='word_1_7' title='bbox 278 345 313 409; x_wconf 93' lang='lat' dir='ltr'>in</span> <span class='ocrx_word' id='word_1_8' title='bbox 332 343 443 410; x_wconf 90' lang='lat' dir='ltr'>medio</span> <span class='ocrx_word' id='word_1_9' title='bbox 460 344 558 408; x_wconf 87' lang='lat' dir='ltr'>favus</span> <span class='ocrx_word' id='word_1_10' title='bbox 575 352 637 408; x_wconf 89' lang='lat' dir='ltr'>est.</span> <span class='ocrx_word' id='word_1_11' title='bbox 687 343 800 429; x_wconf 85' lang='lat' dir='ltr'>Super</span> <span class='ocrx_word' id='word_1_12' title='bbox 816 341 932 408; x_wconf 91' lang='lat' dir='ltr'>omnia</span> <span class='ocrx_word' id='word_1_13' title='bbox 948 340 1062 407; x_wconf 90' lang='lat' dir='ltr'>vultus</span> 
     </span>
     <span class='ocr_line' id='line_1_3' title="bbox 95 449 978 536; baseline -0.006 -19"><span class='ocrx_word' id='word_1_14' title='bbox 95 472 272 517; x_wconf 86' lang='lat' dir='ltr'>accessere</span> <span class='ocrx_word' id='word_1_15' title='bbox 289 450 383 525; x_wconf 92' lang='lat' dir='ltr'>boni,</span> <span class='ocrx_word' id='word_1_16' title='bbox 402 471 467 514; x_wconf 91' lang='lat' dir='ltr'>nec</span> <span class='ocrx_word' id='word_1_17' title='bbox 483 450 574 514; x_wconf 90' lang='lat' dir='ltr'>iners</span> <span class='ocrx_word' id='word_1_18' title='bbox 591 469 789 536; x_wconf 85' lang='lat' dir='ltr'><strong>pauperque</strong></span> <span class='ocrx_word' id='word_1_19' title='bbox 805 449 978 513; x_wconf 89' lang='lat' dir='ltr'>voluntas.-</span> 
     </span>
    </p>

    <p class='ocr_par' dir='ltr' id='par_1_3' title="bbox 96 554 1149 1065">
     <span class='ocr_line' id='line_1_4' title="bbox 140 554 878 640; baseline -0.005 -18"><span class='ocrx_word' id='word_1_20' title='bbox 140 557 274 622; x_wconf 91' lang='lat' dir='ltr'>Interea</span> <span class='ocrx_word' id='word_1_21' title='bbox 292 557 412 622; x_wconf 85' lang='lat' dir='ltr'>totiens</span> <span class='ocrx_word' id='word_1_22' title='bbox 430 557 589 621; x_wconf 90' lang='lat' dir='ltr'>haustum</span> <span class='ocrx_word' id='word_1_23' title='bbox 606 566 737 620; x_wconf 88' lang='lat' dir='ltr'>cratera</span> <span class='ocrx_word' id='word_1_24' title='bbox 753 554 878 640; x_wconf 91' lang='lat' dir='ltr'>repleri</span> 
     </span>
     <span class='ocr_line' id='line_1_5' title="bbox 96 660 1149 749; baseline -0.006 -20"><span class='ocrx_word' id='word_1_25' title='bbox 96 674 215 749; x_wconf 86' lang='lat' dir='ltr'>sponte</span> <span class='ocrx_word' id='word_1_26' title='bbox 232 684 308 738; x_wconf 85' lang='lat' dir='ltr'>sua,</span> <span class='ocrx_word' id='word_1_27' title='bbox 326 683 388 748; x_wconf 93' lang='lat' dir='ltr'>per</span> <span class='ocrx_word' id='word_1_28' title='bbox 404 683 508 748; x_wconf 90' lang='lat' dir='ltr'>seque</span> <span class='ocrx_word' id='word_1_29' title='bbox 526 661 642 726; x_wconf 91' lang='lat' dir='ltr'>vident</span> <span class='ocrx_word' id='word_1_30' title='bbox 658 681 875 726; x_wconf 87' lang='lat' dir='ltr'>succrescere</span> <span class='ocrx_word' id='word_1_31' title='bbox 891 660 984 725; x_wconf 84' lang='lat' dir='ltr'>vina·</span> <span class='ocrx_word' id='word_1_32' title='bbox 1094 676 1149 730; x_wconf 81' lang='lat'>680</span> 
     </span>
     <span class='ocr_line' id='line_1_6' title="bbox 97 766 938 853; baseline -0.004 -20"><span class='ocrx_word' id='word_1_33' title='bbox 97 769 226 834; x_wconf 85' lang='lat' dir='ltr'>attoniti</span> <span class='ocrx_word' id='word_1_34' title='bbox 242 769 390 835; x_wconf 87' lang='lat' dir='ltr'>novitate</span> <span class='ocrx_word' id='word_1_35' title='bbox 407 778 546 853; x_wconf 87' lang='lat' dir='ltr'>pavent,</span> <span class='ocrx_word' id='word_1_36' title='bbox 565 768 790 852; x_wconf 92' lang='lat' dir='ltr'>manibusque</span> <span class='ocrx_word' id='word_1_37' title='bbox 808 766 938 850; x_wconf 82' lang='lat' dir='ltr'>supinis</span> 
     </span>
     <span class='ocr_line' id='line_1_7' title="bbox 96 871 1076 961; baseline -0.003 -21"><span class='ocrx_word' id='word_1_38' title='bbox 96 875 293 961; x_wconf 91' lang='lat' dir='ltr'>concipiunt</span> <span class='ocrx_word' id='word_1_39' title='bbox 308 874 503 960; x_wconf 86' lang='lat' dir='ltr'>Baucisque</span> <span class='ocrx_word' id='word_1_40' title='bbox 520 895 640 959; x_wconf 89' lang='lat' dir='ltr'>preces</span> <span class='ocrx_word' id='word_1_41' title='bbox 657 873 863 958; x_wconf 90' lang='lat' dir='ltr'>timidusque</span> <span class='ocrx_word' id='word_1_42' title='bbox 880 871 1076 950; x_wconf 87' lang='lat' dir='ltr'>Philemon,</span> 
     </span>
     <span class='ocr_line' id='line_1_8' title="bbox 96 979 949 1065; baseline -0.006 -19"><span class='ocrx_word' id='word_1_43' title='bbox 96 991 130 1046; x_wconf 92' lang='lat' dir='ltr'>et</span> <span class='ocrx_word' id='word_1_44' title='bbox 144 981 281 1045; x_wconf 90' lang='lat' dir='ltr'>veniam</span> <span class='ocrx_word' id='word_1_45' title='bbox 299 980 444 1065; x_wconf 89' lang='lat' dir='ltr'>dapibus</span> <span class='ocrx_word' id='word_1_46' title='bbox 461 981 633 1065; x_wconf 89' lang='lat' dir='ltr'>nullisque</span> <span class='ocrx_word' id='word_1_47' title='bbox 649 979 824 1064; x_wconf 91' lang='lat' dir='ltr'>paratibus</span> <span class='ocrx_word' id='word_1_48' title='bbox 840 988 949 1042; x_wconf 88' lang='lat' dir='ltr'>orant.</span> 
     </span>
    </p>

    <p class='ocr_par' dir='ltr' id='par_1_4' title="bbox 95 1084 1148 2232">
     <span class='ocr_line' id='line_1_9' title="bbox 140 1084 975 1160; baseline -0.004 -8"><span class='ocrx_word' id='word_1_49' title='bbox 140 1086 274 1152; x_wconf 88' lang='lat' dir='ltr'>Unicus</span> <span class='ocrx_word' id='word_1_50' title='bbox 291 1096 491 1160; x_wconf 74' lang='lat' dir='ltr'>amorerat,</span> <span class='ocrx_word' id='word_1_51' title='bbox 511 1085 672 1149; x_wconf 88' lang='lat' dir='ltr'>minimae</span> <span class='ocrx_word' id='word_1_52' title='bbox 690 1084 844 1149; x_wconf 91' lang='lat' dir='ltr'>custodia</span> <span class='ocrx_word' id='word_1_53' title='bbox 859 1084 975 1160; x_wconf 86' lang='lat' dir='ltr'>villae,</span> 
     </span>
     <span class='ocr_line' id='line_1_10' title="bbox 95 1190 1148 1278; baseline -0.003 -22"><span class='ocrx_word' id='word_1_54' title='bbox 95 1213 198 1278; x_wconf 91' lang='lat' dir='ltr'>quem</span> <span class='ocrx_word' id='word_1_55' title='bbox 216 1192 267 1256; x_wconf 91' lang='lat' dir='ltr'>dis</span> <span class='ocrx_word' id='word_1_56' title='bbox 284 1191 473 1276; x_wconf 89' lang='lat' dir='ltr'>hospitibus</span> <span class='ocrx_word' id='word_1_57' title='bbox 491 1190 619 1254; x_wconf 91' lang='lat' dir='ltr'>domini</span> <span class='ocrx_word' id='word_1_58' title='bbox 636 1200 786 1254; x_wconf 89' lang='lat' dir='ltr'>mactare</span> <span class='ocrx_word' id='word_1_59' title='bbox 802 1191 983 1275; x_wconf 88' lang='lat' dir='ltr'>parabant.</span> <span class='ocrx_word' id='word_1_60' title='bbox 1094 1207 1148 1278; x_wconf 79' lang='lat'>685</span> 
     </span>
     <span class='ocr_line' id='line_1_11' title="bbox 95 1295 799 1382; baseline -0.004 -21"><span class='ocrx_word' id='word_1_61' title='bbox 95 1298 153 1362; x_wconf 89' lang='lat' dir='ltr'>ille</span> <span class='ocrx_word' id='word_1_62' title='bbox 170 1297 261 1372; x_wconf 88' lang='lat' dir='ltr'>celer</span> <span class='ocrx_word' id='word_1_63' title='bbox 277 1317 391 1382; x_wconf 90' lang='lat' dir='ltr'>penna</span> <span class='ocrx_word' id='word_1_64' title='bbox 408 1296 522 1361; x_wconf 92' lang='lat' dir='ltr'>tardos</span> <span class='ocrx_word' id='word_1_65' title='bbox 539 1306 649 1359; x_wconf 90' lang='lat' dir='ltr'>aetate</span> <span class='ocrx_word' id='word_1_66' title='bbox 666 1295 799 1382; x_wconf 87' lang='lat' dir='ltr'>fatigat,</span> 
     </span>
     <span class='ocr_line' id='line_1_12' title="bbox 95 1400 929 1489; baseline -0.001 -22"><span class='ocrx_word' id='word_1_67' title='bbox 95 1404 268 1489; x_wconf 89' lang='lat' dir='ltr'>eluditque</span> <span class='ocrx_word' id='word_1_68' title='bbox 285 1402 357 1477; x_wconf 91' lang='lat' dir='ltr'>diu,</span> <span class='ocrx_word' id='word_1_69' title='bbox 375 1402 582 1487; x_wconf 87' lang='lat' dir='ltr'>tandemque</span> <span class='ocrx_word' id='word_1_70' title='bbox 600 1411 651 1466; x_wconf 91' lang='lat' dir='ltr'>est</span> <span class='ocrx_word' id='word_1_71' title='bbox 665 1400 759 1466; x_wconf 91' lang='lat' dir='ltr'>visus</span> <span class='ocrx_word' id='word_1_72' title='bbox 776 1401 820 1466; x_wconf 94' lang='lat' dir='ltr'>ad</span> <span class='ocrx_word' id='word_1_73' title='bbox 837 1401 929 1486; x_wconf 89' lang='lat' dir='ltr'>ipsos</span> 
     </span>
     <span class='ocr_line' id='line_1_13' title="bbox 96 1506 887 1595; baseline -0.006 -20"><span class='ocrx_word' id='word_1_74' title='bbox 96 1509 293 1595; x_wconf 82' lang='lat' dir='ltr'>confugisse</span> <span class='ocrx_word' id='word_1_75' title='bbox 309 1509 404 1574; x_wconf 89' lang='lat' dir='ltr'>deos.</span> <span class='ocrx_word' id='word_1_76' title='bbox 454 1506 579 1593; x_wconf 87' lang='lat' dir='ltr'>Superi</span> <span class='ocrx_word' id='word_1_77' title='bbox 595 1518 733 1572; x_wconf 91' lang='lat' dir='ltr'>vetuere</span> <span class='ocrx_word' id='word_1_78' title='bbox 750 1507 887 1572; x_wconf 85' lang='lat' dir='ltr'>necari:</span> 
     </span>
     <span class='ocr_line' id='line_1_14' title="bbox 98 1613 1039 1701; baseline 0.001 -22"><span class='ocrx_word' id='word_1_79' title='bbox 98 1614 185 1679; x_wconf 87' lang='lat' dir='ltr'>‘Di’</span> <span class='ocrx_word' id='word_1_80' title='bbox 199 1636 266 1701; x_wconf 87' lang='lat' dir='ltr'>que</span> <span class='ocrx_word' id='word_1_81' title='bbox 285 1624 438 1690; x_wconf 69' lang='lat' dir='ltr'>‘sumus</span> <span class='ocrx_word' id='word_1_82' title='bbox 459 1615 663 1701; x_wconf 90' lang='lat' dir='ltr'>meritasque</span> <span class='ocrx_word' id='word_1_83' title='bbox 680 1615 751 1678; x_wconf 90' lang='lat' dir='ltr'>luet</span> <span class='ocrx_word' id='word_1_84' title='bbox 765 1613 892 1679; x_wconf 91' lang='lat' dir='ltr'>vicinia</span> <span class='ocrx_word' id='word_1_85' title='bbox 908 1634 1039 1701; x_wconf 89' lang='lat' dir='ltr'>poenas</span> 
     </span>
     <span class='ocr_line' id='line_1_15' title="bbox 95 1719 1148 1809; baseline 0.003 -25"><span class='ocrx_word' id='word_1_86' title='bbox 95 1719 220 1807; x_wconf 90' lang='lat' dir='ltr'>impia&#39;</span> <span class='ocrx_word' id='word_1_87' title='bbox 236 1720 416 1795; x_wconf 88' lang='lat' dir='ltr'>dixerunt;</span> <span class='ocrx_word' id='word_1_88' title='bbox 443 1720 562 1786; x_wconf 87' lang='lat' dir='ltr'>‘vobis</span> <span class='ocrx_word' id='word_1_89' title='bbox 578 1720 788 1786; x_wconf 90' lang='lat' dir='ltr'>immunibus</span> <span class='ocrx_word' id='word_1_90' title='bbox 806 1721 906 1808; x_wconf 89' lang='lat' dir='ltr'>hujus</span> <span class='ocrx_word' id='word_1_91' title='bbox 991 1742 994 1748; x_wconf 79' lang='grc'><strong>’</strong></span> <span class='ocrx_word' id='word_1_92' title='bbox 1093 1738 1148 1809; x_wconf 84' lang='lat'>690</span> 
     </span>
     <span class='ocr_line' id='line_1_16' title="bbox 96 1827 1012 1915; baseline -0.001 -23"><span class='ocrx_word' id='word_1_93' title='bbox 96 1848 171 1892; x_wconf 92' lang='lat' dir='ltr'>esse</span> <span class='ocrx_word' id='word_1_94' title='bbox 189 1827 270 1891; x_wconf 90' lang='lat' dir='ltr'>mali</span> <span class='ocrx_word' id='word_1_95' title='bbox 288 1827 442 1892; x_wconf 78' lang='lat' dir='ltr'>dabiturz</span> <span class='ocrx_word' id='word_1_96' title='bbox 469 1828 570 1892; x_wconf 87' lang='lat' dir='ltr'>modo</span> <span class='ocrx_word' id='word_1_97' title='bbox 586 1839 699 1892; x_wconf 90' lang='lat' dir='ltr'>vestra</span> <span class='ocrx_word' id='word_1_98' title='bbox 715 1827 894 1915; x_wconf 89' lang='lat' dir='ltr'>relinquite</span> <span class='ocrx_word' id='word_1_99' title='bbox 910 1838 1012 1905; x_wconf 87' lang='lat' dir='ltr'>tecta,</span> 
     </span>
     <span class='ocr_line' id='line_1_17' title="bbox 97 1934 987 2020; baseline 0.003 -24"><span class='ocrx_word' id='word_1_100' title='bbox 97 1952 138 1997; x_wconf 90' lang='lat' dir='ltr'>ac</span> <span class='ocrx_word' id='word_1_101' title='bbox 154 1943 286 1998; x_wconf 91' lang='lat' dir='ltr'>nostros</span> <span class='ocrx_word' id='word_1_102' title='bbox 303 1934 460 1997; x_wconf 87' lang='lat' dir='ltr'>comitate</span> <span class='ocrx_word' id='word_1_103' title='bbox 478 1934 620 2020; x_wconf 87' lang='lat' dir='ltr'>gradus,</span> <span class='ocrx_word' id='word_1_104' title='bbox 638 1934 721 1998; x_wconf 89' lang='lat' dir='ltr'>etin</span> <span class='ocrx_word' id='word_1_105' title='bbox 740 1935 847 1999; x_wconf 91' lang='lat' dir='ltr'>ardua</span> <span class='ocrx_word' id='word_1_106' title='bbox 864 1934 987 1999; x_wconf 90' lang='lat' dir='ltr'>montis</span> 
     </span>
     <span class='ocr_line' id='line_1_18' title="bbox 95 2038 922 2128; baseline 0.004 -26"><span class='ocrx_word' id='word_1_107' title='bbox 95 2038 140 2103; x_wconf 90' lang='lat' dir='ltr'>ite</span> <span class='ocrx_word' id='word_1_108' title='bbox 157 2038 283 2104; x_wconf 88' lang='lat' dir='ltr'>simul.’</span> <span class='ocrx_word' id='word_1_109' title='bbox 328 2038 456 2103; x_wconf 92' lang='lat' dir='ltr'>Parent</span> <span class='ocrx_word' id='word_1_110' title='bbox 471 2041 586 2114; x_wconf 90' lang='lat' dir='ltr'>ambo,</span> <span class='ocrx_word' id='word_1_111' title='bbox 604 2040 804 2128; x_wconf 89' lang='lat' dir='ltr'>baculisque</span> <span class='ocrx_word' id='word_1_112' title='bbox 820 2041 922 2106; x_wconf 88' lang='lat' dir='ltr'>levati</span> 
     </span>
     <span class='ocr_line' id='line_1_19' title="bbox 96 2144 790 2232; baseline 0.003 -24"><span class='ocrx_word' id='word_1_113' title='bbox 96 2144 247 2208; x_wconf 91' lang='lat' dir='ltr'>nituntur</span> <span class='ocrx_word' id='word_1_114' title='bbox 262 2145 367 2230; x_wconf 86' lang='lat' dir='ltr'>longo</span> <span class='ocrx_word' id='word_1_115' title='bbox 384 2146 529 2232; x_wconf 85' lang='lat' dir='ltr'>vestigia</span> <span class='ocrx_word' id='word_1_116' title='bbox 545 2167 673 2231; x_wconf 91' lang='lat' dir='ltr'>ponere</span> <span class='ocrx_word' id='word_1_117' title='bbox 690 2147 790 2211; x_wconf 88' lang='lat' dir='ltr'>clivo.</span> 
     </span>
    </p>

    <p class='ocr_par' dir='ltr' id='par_1_5' title="bbox 95 2251 1146 3080">
     <span class='ocr_line' id='line_1_20' title="bbox 140 2251 1131 2343; baseline 0.006 -29"><span class='ocrx_word' id='word_1_118' title='bbox 140 2251 292 2316; x_wconf 92' lang='lat' dir='ltr'>Tantum</span> <span class='ocrx_word' id='word_1_119' title='bbox 310 2252 452 2316; x_wconf 92' lang='lat' dir='ltr'>aberant</span> <span class='ocrx_word' id='word_1_120' title='bbox 468 2273 616 2327; x_wconf 90' lang='lat' dir='ltr'>summo,</span> <span class='ocrx_word' id='word_1_121' title='bbox 634 2264 799 2338; x_wconf 88' lang='lat' dir='ltr'>quantum</span> <span class='ocrx_word' id='word_1_122' title='bbox 816 2253 923 2319; x_wconf 85' lang='lat' dir='ltr'>semel</span> <span class='ocrx_word' id='word_1_123' title='bbox 939 2253 988 2318; x_wconf 89' lang='lat' dir='ltr'>ire</span> <span class='ocrx_word' id='word_1_124' title='bbox 1005 2252 1131 2343; x_wconf 87' lang='lat' dir='ltr'>sagitta</span> 
     </span>
     <span class='ocr_line' id='line_1_21' title="bbox 96 2356 972 2453; baseline 0.005 -33"><span class='ocrx_word' id='word_1_125' title='bbox 96 2356 201 2422; x_wconf 90' lang='lat' dir='ltr'>missa</span> <span class='ocrx_word' id='word_1_126' title='bbox 218 2368 327 2442; x_wconf 87' lang='lat' dir='ltr'>potest</span> <span class='ocrx_word' id='word_1_127' title='bbox 339 2379 357 2419; x_wconf 74' lang='grc' dir='ltr'>ε.</span> <span class='ocrx_word' id='word_1_128' title='bbox 372 2357 501 2422; x_wconf 88' lang='lat' dir='ltr'>flexere</span> <span class='ocrx_word' id='word_1_129' title='bbox 518 2359 648 2433; x_wconf 91' lang='lat' dir='ltr'>oculos,</span> <span class='ocrx_word' id='word_1_130' title='bbox 668 2369 700 2423; x_wconf 93' lang='lat' dir='ltr'>et</span> <span class='ocrx_word' id='word_1_131' title='bbox 717 2380 829 2453; x_wconf 72' lang='lat' dir='ltr'>mersa</span> <span class='ocrx_word' id='word_1_132' title='bbox 846 2361 972 2445; x_wconf 92' lang='lat' dir='ltr'>palude</span> 
     </span>
     <span class='ocr_line' id='line_1_22' title="bbox 96 2464 951 2547; baseline 0.002 -20"><span class='ocrx_word' id='word_1_133' title='bbox 96 2474 209 2527; x_wconf 87' lang='lat' dir='ltr'>cetera</span> <span class='ocrx_word' id='word_1_134' title='bbox 226 2464 448 2547; x_wconf 91' lang='lat' dir='ltr'>prospiciunt,</span> <span class='ocrx_word' id='word_1_135' title='bbox 468 2474 599 2527; x_wconf 89' lang='lat' dir='ltr'>tantum</span> <span class='ocrx_word' id='word_1_136' title='bbox 615 2485 677 2528; x_wconf 90' lang='lat' dir='ltr'>sua</span> <span class='ocrx_word' id='word_1_137' title='bbox 693 2475 781 2529; x_wconf 90' lang='lat' dir='ltr'>tecta</span> <span class='ocrx_word' id='word_1_138' title='bbox 798 2486 951 2530; x_wconf 87' lang='lat' dir='ltr'>manere.</span> 
     </span>
     <span class='ocr_line' id='line_1_23' title="bbox 96 2569 995 2654; baseline 0.004 -22"><span class='ocrx_word' id='word_1_139' title='bbox 96 2569 246 2654; x_wconf 88' lang='lat' dir='ltr'>dumque</span> <span class='ocrx_word' id='word_1_140' title='bbox 263 2589 304 2633; x_wconf 91' lang='lat' dir='ltr'>ea</span> <span class='ocrx_word' id='word_1_141' title='bbox 321 2570 498 2644; x_wconf 88' lang='lat' dir='ltr'>mirantur,</span> <span class='ocrx_word' id='word_1_142' title='bbox 517 2571 598 2634; x_wconf 90' lang='lat' dir='ltr'>dum</span> <span class='ocrx_word' id='word_1_143' title='bbox 616 2570 742 2634; x_wconf 89' lang='lat' dir='ltr'>deflent</span> <span class='ocrx_word' id='word_1_144' title='bbox 757 2571 826 2636; x_wconf 89' lang='lat' dir='ltr'>fata</span> <span class='ocrx_word' id='word_1_145' title='bbox 842 2593 995 2648; x_wconf 90' lang='lat' dir='ltr'>suorum,</span> 
     </span>
     <span class='ocr_line' id='line_1_24' title="bbox 95 2673 934 2760; baseline 0.007 -23"><span class='ocrx_word' id='word_1_146' title='bbox 95 2673 154 2737; x_wconf 92' lang='lat' dir='ltr'>illa</span> <span class='ocrx_word' id='word_1_147' title='bbox 170 2685 280 2749; x_wconf 85' lang='lat' dir='ltr'>vetus,</span> <span class='ocrx_word' id='word_1_148' title='bbox 299 2675 445 2739; x_wconf 91' lang='lat' dir='ltr'>dominis</span> <span class='ocrx_word' id='word_1_149' title='bbox 462 2675 564 2739; x_wconf 89' lang='lat' dir='ltr'>etiam</span> <span class='ocrx_word' id='word_1_150' title='bbox 581 2696 662 2740; x_wconf 91' lang='lat' dir='ltr'>casa</span> <span class='ocrx_word' id='word_1_151' title='bbox 678 2697 784 2760; x_wconf 90' lang='lat' dir='ltr'>parva</span> <span class='ocrx_word' id='word_1_152' title='bbox 801 2678 934 2743; x_wconf 91' lang='lat' dir='ltr'>duobus</span> 
     </span>
     <span class='ocr_line' id='line_1_25' title="bbox 95 2779 1146 2869; baseline 0.007 -26"><span class='ocrx_word' id='word_1_153' title='bbox 95 2779 285 2860; x_wconf 26' lang='lat' dir='ltr'>vertitur-in</span> <span class='ocrx_word' id='word_1_154' title='bbox 301 2781 466 2865; x_wconf 88' lang='lat' dir='ltr'>templum</span> <span class='ocrx_word' id='word_1_155' title='bbox 480 2803 488 2854; x_wconf 93' lang='lat'>;</span> <span class='ocrx_word' id='word_1_156' title='bbox 512 2781 626 2846; x_wconf 84' lang='lat' dir='ltr'>furcas</span> <span class='ocrx_word' id='word_1_157' title='bbox 643 2783 776 2847; x_wconf 88' lang='lat' dir='ltr'>subiere</span> <span class='ocrx_word' id='word_1_158' title='bbox 792 2785 995 2857; x_wconf 79' lang='lat' dir='ltr'>columnae3</span> <span class='ocrx_word' id='word_1_159' title='bbox 1093 2813 1146 2869; x_wconf 67' lang='grc' dir='ltr'>γοα</span> 
     </span>
     <span class='ocr_line' id='line_1_26' title="bbox 96 2885 969 2973; baseline 0.011 -24"><span class='ocrx_word' id='word_1_160' title='bbox 96 2885 258 2949; x_wconf 90' lang='lat' dir='ltr'>stramina</span> <span class='ocrx_word' id='word_1_161' title='bbox 275 2885 475 2961; x_wconf 87' lang='lat' dir='ltr'>flavescunt,</span> <span class='ocrx_word' id='word_1_162' title='bbox 495 2899 680 2973; x_wconf 89' lang='lat' dir='ltr'>aurataque</span> <span class='ocrx_word' id='word_1_163' title='bbox 696 2898 783 2952; x_wconf 91' lang='lat' dir='ltr'>tecta</span> <span class='ocrx_word' id='word_1_164' title='bbox 800 2889 969 2959; x_wconf 76' lang='lat' dir='ltr'>videntur,</span> 
     </span>
     <span class='ocr_line' id='line_1_27' title="bbox 95 2991 1005 3080; baseline 0.003 -25"><span class='ocrx_word' id='word_1_165' title='bbox 95 2992 317 3077; x_wconf 92' lang='lat' dir='ltr'>caelataeque</span> <span class='ocrx_word' id='word_1_166' title='bbox 334 2991 437 3065; x_wconf 88' lang='lat' dir='ltr'>fores,</span> <span class='ocrx_word' id='word_1_167' title='bbox 457 2993 687 3080; x_wconf 90' lang='lat' dir='ltr'>adopertaque</span> <span class='ocrx_word' id='word_1_168' title='bbox 706 3016 875 3060; x_wconf 90' lang='lat' dir='ltr'>marmore</span> <span class='ocrx_word' id='word_1_169' title='bbox 891 2996 1005 3060; x_wconf 88' lang='lat' dir='ltr'>tellus.</span> 
     </span>
    </p>

    <p class='ocr_par' dir='ltr' id='par_1_6' title="bbox 4 3095 1146 3927">
     <span class='ocr_line' id='line_1_28' title="bbox 139 3095 896 3181; baseline 0.005 -22"><span class='ocrx_word' id='word_1_170' title='bbox 139 3095 242 3160; x_wconf 90' lang='lat' dir='ltr'>Talia</span> <span class='ocrx_word' id='word_1_171' title='bbox 258 3108 328 3160; x_wconf 90' lang='lat' dir='ltr'>tum</span> <span class='ocrx_word' id='word_1_172' title='bbox 346 3096 483 3181; x_wconf 91' lang='lat' dir='ltr'>placido</span> <span class='ocrx_word' id='word_1_173' title='bbox 499 3097 679 3164; x_wconf 89' lang='lat' dir='ltr'>Saturnius</span> <span class='ocrx_word' id='word_1_174' title='bbox 696 3100 802 3165; x_wconf 90' lang='lat' dir='ltr'>edidit</span> <span class='ocrx_word' id='word_1_175' title='bbox 816 3122 896 3166; x_wconf 85' lang='lat' dir='ltr'>ore:</span> 
     </span>
     <span class='ocr_line' id='line_1_29' title="bbox 97 3201 951 3294; baseline 0.007 -28"><span class='ocrx_word' id='word_1_176' title='bbox 97 3212 106 3242; x_wconf 88' lang='lat'>‘</span> <span class='ocrx_word' id='word_1_177' title='bbox 122 3201 248 3277; x_wconf 86' lang='lat' dir='ltr'>Dicite,</span> <span class='ocrx_word' id='word_1_178' title='bbox 263 3203 353 3289; x_wconf 85' lang='lat' dir='ltr'>juste</span> <span class='ocrx_word' id='word_1_179' title='bbox 371 3224 489 3277; x_wconf 88' lang='lat' dir='ltr'>senex,</span> <span class='ocrx_word' id='word_1_180' title='bbox 509 3214 541 3267; x_wconf 89' lang='lat' dir='ltr'>et</span> <span class='ocrx_word' id='word_1_181' title='bbox 559 3203 683 3268; x_wconf 84' lang='lat' dir='ltr'>semina</span> <span class='ocrx_word' id='word_1_182' title='bbox 701 3206 848 3293; x_wconf 85' lang='lat' dir='ltr'>conjuge</span> <span class='ocrx_word' id='word_1_183' title='bbox 861 3207 951 3294; x_wconf 86' lang='lat' dir='ltr'>justo</span> 
     </span>
     <span class='ocr_line' id='line_1_30' title="bbox 95 3307 1074 3397; baseline 0.008 -25"><span class='ocrx_word' id='word_1_184' title='bbox 95 3307 215 3394; x_wconf 87' lang='lat' dir='ltr'>digna,</span> <span class='ocrx_word' id='word_1_185' title='bbox 234 3308 316 3393; x_wconf 91' lang='lat' dir='ltr'>quid</span> <span class='ocrx_word' id='word_1_186' title='bbox 332 3309 477 3393; x_wconf 67' lang='lat' dir='ltr'>optetis!</span> <span class='ocrx_word' id='word_1_187' title='bbox 523 3308 613 3373; x_wconf 89' lang='lat' dir='ltr'>Cum</span> <span class='ocrx_word' id='word_1_188' title='bbox 630 3309 784 3376; x_wconf 90' lang='lat' dir='ltr'>Baucide</span> <span class='ocrx_word' id='word_1_189' title='bbox 801 3334 912 3397; x_wconf 91' lang='lat' dir='ltr'>pauca</span> <span class='ocrx_word' id='word_1_190' title='bbox 928 3315 1074 3391; x_wconf 87' lang='lat' dir='ltr'>locutus,</span> 
     </span>
     <span class='ocr_line' id='line_1_31' title="bbox 91 3412 979 3500; baseline 0.008 -25"><span class='ocrx_word' id='word_1_191' title='bbox 91 3412 258 3500; x_wconf 89' lang='lat' dir='ltr'>judicium</span> <span class='ocrx_word' id='word_1_192' title='bbox 276 3414 406 3497; x_wconf 90' lang='lat' dir='ltr'>superis</span> <span class='ocrx_word' id='word_1_193' title='bbox 424 3415 532 3498; x_wconf 89' lang='lat' dir='ltr'>aperit</span> <span class='ocrx_word' id='word_1_194' title='bbox 547 3435 729 3480; x_wconf 88' lang='lat' dir='ltr'>commune</span> <span class='ocrx_word' id='word_1_195' title='bbox 745 3416 948 3485; x_wconf 83' lang='lat' dir='ltr'>Philemon:</span> <span class='ocrx_word' id='word_1_196' title='bbox 976 3470 979 3475; x_wconf 93' lang='lat'>.</span> 
     </span>
     <span class='ocr_line' id='line_1_32' title="bbox 4 3517 888 3610; baseline 0.011 -31"><span class='ocrx_word' id='word_1_197' title='bbox 4 3605 7 3610; x_wconf 82' lang='lat'>.</span> <span class='ocrx_word' id='word_1_198' title='bbox 97 3517 206 3582; x_wconf 84' lang='lat' dir='ltr'>‘Esse</span> <span class='ocrx_word' id='word_1_199' title='bbox 223 3519 429 3592; x_wconf 87' lang='lat' dir='ltr'>sacerdotes,</span> <span class='ocrx_word' id='word_1_200' title='bbox 449 3520 658 3605; x_wconf 89' lang='lat' dir='ltr'>delubraque</span> <span class='ocrx_word' id='word_1_201' title='bbox 674 3533 786 3586; x_wconf 89' lang='lat' dir='ltr'>vestra</span> <span class='ocrx_word' id='word_1_202' title='bbox 803 3525 888 3589; x_wconf 90' lang='lat' dir='ltr'>tueri</span> 
     </span>
     <span class='ocr_line' id='line_1_33' title="bbox 95 3624 1018 3715; baseline 0.011 -28"><span class='ocrx_word' id='word_1_203' title='bbox 95 3624 288 3708; x_wconf 90' lang='lat' dir='ltr'>poscimus;</span> <span class='ocrx_word' id='word_1_204' title='bbox 314 3634 347 3687; x_wconf 91' lang='lat' dir='ltr'>et</span> <span class='ocrx_word' id='word_1_205' title='bbox 362 3625 524 3709; x_wconf 90' lang='lat' dir='ltr'>quoniam</span> <span class='ocrx_word' id='word_1_206' title='bbox 541 3628 727 3692; x_wconf 90' lang='lat' dir='ltr'>concordes</span> <span class='ocrx_word' id='word_1_207' title='bbox 745 3630 879 3715; x_wconf 88' lang='lat' dir='ltr'>egimus</span> <span class='ocrx_word' id='word_1_208' title='bbox 896 3653 1018 3708; x_wconf 85' lang='lat' dir='ltr'>annos,</span> 
     </span>
     <span class='ocr_line' id='line_1_34' title="bbox 96 3728 1015 3822; baseline 0.011 -31"><span class='ocrx_word' id='word_1_209' title='bbox 96 3728 227 3792; x_wconf 83' lang='lat' dir='ltr'>auferat</span> <span class='ocrx_word' id='word_1_210' title='bbox 244 3728 327 3794; x_wconf 93' lang='lat' dir='ltr'>hora</span> <span class='ocrx_word' id='word_1_211' title='bbox 344 3730 429 3792; x_wconf 91' lang='lat' dir='ltr'>duos</span> <span class='ocrx_word' id='word_1_212' title='bbox 446 3730 580 3803; x_wconf 90' lang='lat' dir='ltr'>eadem,</span> <span class='ocrx_word' id='word_1_213' title='bbox 600 3752 664 3794; x_wconf 92' lang='lat' dir='ltr'>nec</span> <span class='ocrx_word' id='word_1_214' title='bbox 680 3733 837 3821; x_wconf 85' lang='lat' dir='ltr'>conjugis</span> <span class='ocrx_word' id='word_1_215' title='bbox 853 3758 1015 3822; x_wconf 90' lang='lat' dir='ltr'>umquam</span> 
     </span>
     <span class='ocr_line' id='line_1_35' title="bbox 94 3835 1146 3927; baseline 0.009 -28"><span class='ocrx_word' id='word_1_216' title='bbox 94 3835 193 3899; x_wconf 89' lang='lat' dir='ltr'>busta</span> <span class='ocrx_word' id='word_1_217' title='bbox 210 3856 308 3900; x_wconf 86' lang='lat' dir='ltr'>meae</span> <span class='ocrx_word' id='word_1_218' title='bbox 324 3835 476 3910; x_wconf 76' lang='lat' dir='ltr'>videam,</span> <span class='ocrx_word' id='word_1_219' title='bbox 492 3856 560 3898; x_wconf 88' lang='lat' dir='ltr'>neu</span> <span class='ocrx_word' id='word_1_220' title='bbox 576 3835 640 3900; x_wconf 91' lang='lat' dir='ltr'>sim</span> <span class='ocrx_word' id='word_1_221' title='bbox 657 3840 878 3905; x_wconf 88' lang='lat' dir='ltr'>tumulandus</span> <span class='ocrx_word' id='word_1_222' title='bbox 895 3844 939 3906; x_wconf 91' lang='lat' dir='ltr'>ab</span> <span class='ocrx_word' id='word_1_223' title='bbox 955 3842 1039 3907; x_wconf 62' lang='lat' dir='ltr'>illa)</span> <span class='ocrx_word' id='word_1_224' title='bbox 1092 3874 1146 3927; x_wconf 84' lang='lat'>7¹⁰</span> 
     </span>
    </p>
   </div>
   <div class='ocr_carea' id='block_1_3' title="bbox 0 0 1245 4148">
    <p class='ocr_par' dir='ltr' id='par_1_7' title="bbox 0 0 1245 4148">
     <span class='ocr_line' id='line_1_36' title="bbox 0 0 1245 4148; baseline 0 0"><span class='ocrx_word' id='word_1_225' title='bbox 0 0 1245 4148; x_wconf 95' lang='lat' dir='ltr'> </span> 
     </span>
    </p>
   </div>
  </div>
 </body>
</html>
