2476 4148
104 167 197 223 x111.
211 168 285 241 345]
521 154 740 220 Philoctetes.

106 345 273 412 criminae
296 349 441 429 vidistis,
459 351 635 437 pretioque
651 350 784 438 objecta
800 348 975 435 patebant.

153 451 231 517 Nec
247 453 480 522 Poeantiaden
496 457 588 543 quod
606 458 708 520 habet
723 454 896 520 Vulcania
912 453 1078 530 Lemnos,

107 580 184 625 esse
200 580 279 625 reus
296 562 426 628 merui:
451 563 578 627 sactum
595 562 767 626 defendite
784 571 956 636 vestrum3

107 665 328 732 consensistis
344 668 447 733 enim.
497 667 575 733 Nec
592 688 646 731 me
663 666 812 732 suasisse
829 668 980 755 negabo,
1105 698 1136 752 3¹
1142 697 1156 752 5

106 783 145 838 ut
158 793 196 837 se
213 772 425 841 subtraheret
438 774 588 860 bellique
604 773 748 858 viaeque
765 773 887 849 labori,

106 889 354 965 temptaretque
370 880 461 946 seros
478 879 594 966 requie
612 879 719 943 lenire
737 879 893 946 dolores:

106 984 232 1072 paruit,
250 995 284 1050 et
299 985 393 1051 vivit.
441 986 522 1051 Non
539 986 627 1049 haec
643 986 810 1051 sententia
827 997 958 1050 tanturn

106 1093 190 1167 fida,
208 1090 270 1157 sed
286 1102 319 1157 et
335 1091 438 1167 felix3
464 1113 543 1158 curn
561 1091 603 1156 sit
618 1092 712 1168 satis,
732 1113 807 1157 esse
824 1093 975 1157 fidelem.

106 1220 211 1285 quem
227 1198 389 1284 quoniam
406 1209 500 1264 vates
517 1198 664 1263 delenda
678 1199 721 1263 ad
738 1198 910 1287 Pergama
928 1207 1085 1284 poscunt,
1106 1229 1158 1282 320

107 1327 152 1371 ne
169 1305 331 1370 mandate
347 1304 452 1369 mihi:
478 1304 600 1369 melius
616 1305 842 1370 Telamonius
858 1305 931 1382 ibit,

107 1411 312 1498 eloquioque
327 1410 439 1475 virum
457 1410 584 1476 morbis
599 1411 717 1497 iraque
734 1411 902 1476 furentem

108 1518 250 1593 molliet,
269 1528 327 1583 aut
343 1518 458 1605 aliqua
474 1518 639 1603 producet
655 1517 800 1582 callidus
817 1529 901 1582 arte.

108 1637 187 1691 ante
204 1635 293 1690 retro
310 1622 438 1690 Simois
454 1623 548 1699 fluet,
567 1635 599 1688 et
615 1623 689 1688 sine
706 1622 882 1689 frondibus
901 1623 964 1688 Ide
1163 1699 1166 1704 ¹

108 1732 222 1806 stabit,
241 1740 274 1796 et
290 1731 454 1796 auxilium
473 1730 642 1816 promittet
657 1727 795 1795 Achaia
810 1730 952 1818 Trojae,
1107 1759 1158 1816 3²5

108 1859 228 1926 quam,
246 1849 402 1903 cessante
420 1858 497 1901 meo
513 1858 575 1923 pro
592 1836 711 1901 vestris
728 1848 864 1921 pectore
881 1838 996 1913 rebus,

109 1944 229 2034 Ajacis
246 1944 358 2010 stolidi
376 1943 508 2008 Danais
526 1943 674 2009 sollertia
690 1943 807 2028 prosit.

109 2053 156 2118 sis
172 2051 251 2117 licet
267 2049 408 2115 infestus
426 2049 542 2125 sociis,
559 2050 715 2136 regique,
735 2050 900 2136 mihique,

110 2159 196 2226 dure
211 2156 421 2222 Philoctete:
446 2156 525 2221 licet
542 2176 733 2231 exsecrere,
752 2177 936 2242 meumque

110 2267 281 2332 devoveas
298 2263 371 2329 sine
388 2263 456 2328 fine
472 2272 588 2348 caput,
608 2261 792 2347 cupiasque
810 2262 937 2327 dolenti
1027 2286 1031 2295 ·
1108 2293 1160 2345 330

111 2394 165 2437 me
182 2371 241 2436 tibi
258 2370 341 2436 forte
359 2369 445 2445 dari,
464 2379 685 2453 nostrumque
702 2367 838 2430 haurire
856 2388 1034 2442 cruorem3

110 2489 213 2565 utque
229 2477 278 2542 tui
294 2476 390 2550 mihi,
409 2476 459 2541 sic
475 2475 535 2538 fiat
550 2473 610 2539 tibi
626 2473 724 2557 copia
741 2472 868 2537 nostri:

25 2667 28 2672 ι
110 2596 142 2649 te
158 2595 274 2648 tamen
290 2581 489 2670 aggrediar,
509 2601 712 2666 mecumque
729 2579 892 2644 reducere
909 2579 1018 2654 nitar3

109 2702 249 2776 tamque
265 2688 331 2753 tuis
346 2688 469 2773 potiar,
488 2687 602 2751 faveat
620 2686 782 2761 Fortuna,
802 2685 947 2773 sagittis,

110 2815 214 2880 quam
232 2814 308 2858 sum
325 2791 515 2867 Dardanio,
533 2811 635 2877 quem
654 2789 743 2874 cepi,
761 2800 838 2854 vate
854 2790 998 2875 potitust
1109 2819 1159 2874 335

110 2921 215 2987 quam
231 2920 396 2984 responsa
413 2898 515 2963 deum
532 2897 753 2984 Trojanaque
769 2895 838 2960 sata
855 2896 982 2970 retexi3

110 3029 214 3093 quam
231 3005 329 3091 rapui
346 3004 521 3092 Phrygiae
539 3004 678 3091 signum
695 3002 869 3088 penetrale
885 3000 1066 3067 Minervae

111 3113 265 3178 hostibus
281 3133 300 3176 e
317 3111 450 3176 mediis.
500 3109 544 3174 Et
559 3131 596 3174 se
614 3109 698 3173 mihi
715 3118 891 3192 comparat
906 3104 1021 3193 Ajax?

111 3240 236 3304 nempe
253 3218 330 3304 capi
346 3217 487 3306 Trojam
506 3214 732 3302 prohibebant
748 3215 817 3278 fata
833 3213 907 3277 sine
924 3212 1002 3276 illis.

157 3325 291 3391 ‘Fortis
308 3322 366 3389 ubi
383 3335 434 3389 est
449 3320 564 3410 Ajax?
589 3320 648 3384 ubi
665 3332 742 3385 sunt
758 3319 911 3408 ingentia
929 3318 1047 3407 magni
1109 3351 1161 3404 340

110 3433 216 3498 verba
233 3429 319 3495 viri?
342 3451 404 3494 cur
419 3430 476 3494 hic
493 3424 637 3492 metuis?
661 3447 722 3490 cur
739 3427 841 3490 audet
858 3425 981 3493 Ulixes

110 3539 160 3604 ire
177 3559 240 3624 per
255 3537 432 3611 excubias,
451 3544 484 3600 et
499 3555 535 3598 se
552 3531 761 3598 committere
778 3531 892 3597 nocti?

111 3666 241 3732 perque
257 3645 348 3709 leros
364 3663 464 3708 enses
481 3660 554 3704 non
565 3647 697 3702 tantum
714 3638 851 3701 moenia
867 3638 1014 3713 Troum,

111 3749 350 3817 verumetiam
367 3767 518 3814 summas
536 3764 633 3808 arces
649 3742 787 3817 intrare,
806 3764 937 3829 suaque

112 3857 245 3944 eripere
260 3856 346 3923 aede
363 3856 477 3930 deam,
494 3862 696 3937 raptamque
712 3847 847 3913 adserre
863 3870 925 3934 per
942 3848 1079 3916 hostes?
1109 3881 1160 3938 345
