2476 4148
92 124 136 179 V.
150 121 225 195 396.]
326 105 541 195 Proserpina
563 106 594 171 is
609 103 722 171 ‘stolen
747 107 789 192 by
811 106 929 173 Pluto.
1103 122 1145 192 51

95 301 311 389 depositique
328 314 451 379 metuS,
468 303 562 368 videt
577 303 670 366 hunc
687 301 838 389 Erycina
855 314 1041 390 vagantem

95 420 213 473 monte
229 430 291 474 suo
306 408 472 484 residens
491 419 675 493 natumque
693 410 853 492 amplexa
871 391 1043 474 uolucrem

98 512 232 578 ‘Arma
250 535 440 601 manusque
457 535 567 589 meae,
587 535 677 589 mea,
696 525 787 588 nate,
806 514 980 598 potentia,'
996 515 1082 580 dixit

98 619 194 696 ‘illa,
212 620 335 708 quibus
351 642 493 705 superas
510 641 642 694 omneS,
662 640 747 705 cape
764 621 844 696 tela,
863 620 1012 706 Cupido,

96 721 201 808 inque
217 721 272 788 dei
289 733 407 807 pectus
424 724 552 787 celeres
569 722 687 786 molire
705 722 859 808 sagittas,

96 828 154 892 cui
169 827 311 912 triplicis
327 828 428 894 cessit
443 829 578 894 fortuna
596 827 779 892 novissima
796 827 907 915 regni.

95 943 133 998 tu
150 954 293 1020 superos
307 934 488 1021 ipsumque
499 933 637 1019 Jovem‚
654 943 689 997 tu
706 933 846 998 numina
863 935 957 1019 ponti

96 1039 187 1105 victa
203 1040 336 1115 domas,
354 1040 535 1127 ipsumque
552 1039 639 1127 regit
655 1040 712 1126 qui
730 1040 870 1104 numina
888 1040 993 1125 ponti.
1094 1072 1147 1128 370

96 1145 244 1211 Tartara
260 1145 343 1232 quid
359 1144 516 1211 cessant?
540 1166 601 1210 cur
617 1167 686 1210 non
704 1146 887 1232 matrisque
904 1159 1068 1235 tuumque

96 1250 278 1337 imperium
294 1251 448 1337 profers?
471 1251 585 1339 agitur
601 1272 680 1337 pars
696 1252 793 1317 tertia
810 1253 939 1317 mundi.

96 1369 130 1423 et
145 1370 260 1424 tamen
276 1358 312 1423 in
329 1349 439 1435 caelo,
457 1379 546 1445 quae
559 1359 631 1446 jam
650 1347 812 1443 patientia
828 1370 944 1423 nostra
960 1370 1023 1436 est,
1130 1429 1133 1433 ,

96 1464 303 1549 spernimur,
321 1486 362 1530 ac
378 1485 514 1530 mecum
531 1465 621 1529 vires
638 1464 835 1528 minuuntur
850 1463 1002 1530 Amoris.

95 1569 241 1635 Pallada
258 1590 371 1636 nonne
387 1571 484 1636 vides
496 1570 801 1659 jaculatricemque
819 1570 970 1635 Dianam
1093 1600 1144 1659 375

95 1677 302 1742 abscessisse
320 1675 425 1741 mihi?
449 1677 586 1743 Cereris
602 1697 737 1762 quoque
753 1677 824 1741 filia
839 1677 951 1765 virgo,

95 1783 123 1848 si
141 1783 321 1868 patiemur,
340 1784 423 1859 erit3
448 1805 529 1848 nam
547 1804 625 1868 spes
643 1783 791 1848 adfectat
807 1785 960 1849 easdem.

94 1901 130 1954 at
144 1901 193 1964 tu,
213 1911 274 1974 pro
290 1890 384 1956 socio
403 1889 518 1976 (siqua
536 1901 587 1954 est
604 1910 645 1954 ea
662 1891 790 1976 gratia)
811 1911 932 1977 regn0,

89 1996 200 2084 junge
216 1995 318 2060 deam
335 1995 481 2083 patruo!
527 1995 624 2060 Dixit
638 1995 778 2070 Venus3
803 1997 860 2062 ille
876 1999 1072 2083 pharetram

93 2101 207 2176 solvit,
218 2111 264 2180 et,
274 2102 412 2167 arbitrio
429 2102 558 2176 matris,
576 2103 619 2167 de
639 2103 730 2167 mille
748 2103 879 2190 sagittis
1092 2123 1145 2188 380

92 2227 198 2272 unam
216 2207 380 2293 seposuit,
399 2209 460 2273 sed
476 2228 545 2293 qua
562 2229 626 2274 nec
643 2209 773 2274 acutior
789 2209 872 2284 ulla,

92 2334 159 2378 nec
175 2314 288 2380 minus
304 2314 434 2380 incerta
451 2326 514 2388 est,
534 2335 599 2394 nec
615 2335 704 2400 quae
720 2316 834 2402 magis
851 2315 967 2381 audiat
983 2337 1095 2382 arcus.

92 2419 317 2507 oppositoque
335 2442 426 2508 genu
444 2420 598 2486 curvavit
614 2419 727 2484 flexile
745 2441 873 2485 cornu:

92 2525 196 2612 inque
212 2547 272 2592 cor
282 2528 426 2592 hamata
443 2528 610 2613 percussit
626 2529 792 2593 arundine
810 2529 937 2594 Ditem.

140 2634 245 2700 Haud
261 2636 381 2719 procul
400 2634 577 2700 Hennaeis
595 2636 692 2700 lacus
708 2646 759 2700 est
776 2657 795 2699 a
813 2637 991 2700 moenibus
1007 2636 1109 2714 altae,

91 2742 231 2808 nomine
247 2741 395 2829 PerguS,
412 2762 534 2828 aquae.
584 2740 665 2807 Non
682 2742 741 2808 illo
757 2743 855 2827 plura
872 2740 1037 2828 Caystros

91 2848 246 2912 carmina
264 2869 450 2935 cycnorum
467 2849 660 2913 labentibus
677 2849 770 2914 audit
786 2849 820 2913 in
837 2851 950 2914 undis.

92 2952 179 3017 silva
196 2964 336 3019 coronat
353 2974 460 3040 aquas
477 2955 621 3042 cingens
637 2955 725 3020 latus
741 2976 856 3030 omne,
875 2956 1014 3042 suisque

92 3059 269 3125 frondibus
285 3072 322 3124 ut
337 3061 413 3125 velo
430 3059 609 3125 Phoebeos
627 3062 805 3126 submovet
820 3063 930 3148 ignes.

91 3166 220 3254 frigora
238 3168 320 3232 dant
336 3167 436 3242 rami,
454 3167 581 3253 Tyrios
599 3168 723 3231 humus
741 3168 881 3232 humida
898 3167 1019 3232 flores:
1089 3199 1141 3255 390

91 3285 293 3358 perpetuum
309 3295 370 3338 ver
386 3284 448 3338 est.
498 3271 579 3357 Quo
595 3276 675 3338 dum
694 3273 899 3359 Proserpina
916 3273 994 3338 luco

90 3379 189 3452 ludit,
207 3390 240 3444 et
257 3388 314 3443 aut
326 3375 438 3444 'violas
455 3390 512 3443 aut
529 3380 676 3444 candida
694 3379 764 3443 lilia
780 3380 901 3465 carpit,

90 3485 242 3570 dumque
258 3485 402 3570 puellari
419 3485 530 3550 studio
547 3486 768 3571 calathosque
785 3485 965 3572 sinumque

89 3590 221 3675 implet,
240 3602 273 3654 et
289 3592 451 3677 aequales
468 3603 573 3655 certat
590 3613 751 3676 superare
768 3593 930 3678 legendo,

89 3716 201 3780 paene
219 3696 318 3760 simul
336 3697 407 3761 visa
425 3707 475 3760 est
491 3697 683 3782 dilectaque
700 3710 864 3783 raptaque
884 3697 974 3761 Diti:
1085 3728 1135 3784 395

87 3823 198 3888 usque
215 3802 302 3867 adeo
318 3814 369 3867 est
384 3813 585 3888 properatus
602 3823 710 3868 amor.
759 3803 835 3867 Dea
852 3803 966 3867 territa
984 3813 1113 3868 maesto
