2476 4148
103 120 149 214 96
391 125 462 190 aaa
484 123 603 190 Deatlz
626 125 674 209 os
686 125 870 191 Hercules.
1011 141 1155 213 [Marum

105 319 137 385 O
154 320 289 406 superi3
313 330 449 408 totoque
466 321 577 385 libens
594 320 677 384 mihi
695 331 831 406 pectore
848 333 978 410 grator,
1006 308 1010 313 ⁴
1095 332 1098 339 '

104 428 196 513 quod
212 428 373 492 memoris
390 427 507 513 populi
524 427 619 493 dicor
635 441 813 514 rectorque
830 440 1008 515 paterque,
1103 457 1155 514 245

104 545 138 597 et
154 554 231 597 mea
247 533 430 620 progenies
447 545 558 598 vestro
575 531 710 619 quoque
726 544 796 599 tuta
813 533 930 599 fauore
946 544 1008 599 est.

104 660 185 702 nam
202 661 410 726 quamquam
428 639 534 724 ipsius
552 637 651 704 datur
663 641 733 706 -hoc
750 640 956 705 immanibus
975 641 1072 718 actis,
1152 694 1154 698 ,

104 746 239 832 obligor
254 746 328 831 ipse
344 757 472 811 tamen.
521 746 713 822 Sedenim,
732 769 776 812 ne
792 759 930 833 pectora
947 769 1037 812 vano

104 852 174 916 fida
191 862 281 916 metu
298 865 458 937 paveant,
477 851 625 918 Oetaeas
642 854 791 938 spernite
808 854 978 919 flammas.
1004 892 1008 898 ·

103 958 219 1023 omnia
235 958 292 1045 qui
309 959 401 1035 vicit,
419 959 544 1036 vincet,
563 982 648 1046 quos
664 961 815 1035 cernitis,
833 960 952 1048 ignes3
1103 990 1155 1047 250

104 1086 169 1129 nec
185 1064 250 1130 nisi
268 1078 422 1130 materna
437 1067 621 1130 vulcanum
639 1078 734 1152 parte
751 1078 921 1151 potentem

104 1171 239 1236 sentiet.
286 1170 476 1235 Aeternum
492 1184 543 1236 est
560 1193 580 1236 a
596 1193 650 1236 me
667 1174 758 1259 quod
775 1174 888 1248 traxit,
907 1184 941 1237 et
957 1194 1083 1258 expers

37 1358 41 1366 Ι
104 1287 205 1362 atque
220 1277 374 1340 immune
390 1277 497 1351 necis,
516 1278 679 1364 nullaque
695 1279 868 1345 domabile
883 1279 1047 1344 flamma:

103 1382 206 1468 idque
223 1404 289 1469 ego
306 1383 503 1448 defunctum
520 1394 609 1448 terra
625 1385 829 1451 caelestibus
845 1386 913 1451 oris

104 1488 285 1574 accipiam,
304 1489 502 1576 cunctisque
519 1513 634 1554 meum
651 1493 809 1556 laetabile
827 1493 955 1557 sactum
998 1536 1000 1540 >
1102 1523 1153 1580 255

102 1594 156 1661 dis
172 1595 244 1660 sore
261 1596 407 1661 confido.
457 1595 572 1682 Siquis
588 1609 703 1662 tamen
722 1597 886 1673 Hercule,
905 1598 1011 1685 siquis

70 1782 74 1788 ἢ
102 1703 187 1767 sorte
204 1703 269 1768 deo
286 1703 450 1767 doliturus
467 1703 541 1779 erit,
561 1704 640 1768 data
657 1705 811 1789 praemia
828 1705 940 1769 nolet:

63 1894 66 1900 Ι
102 1809 163 1874 sed
181 1809 345 1873 meruisse
361 1809 434 1874 dari
452 1809 547 1884 sciet,
565 1809 758 1896 invitusque
774 1809 955 1896 probabit.'

147 1913 337 1980 Assensere
355 1915 430 1989 dei3
455 1915 606 2003 conjunx
622 1938 757 2002 quoque
774 1916 870 2003 regia
887 1917 960 1981 visa
977 1928 1028 1982 est

102 2032 215 2087 cetera
232 2042 300 2086 non
317 2020 415 2096 duro,
434 2022 519 2086 duro
535 2033 650 2087 tamen
666 2022 785 2086 ultima
802 2023 898 2087 vultu
1100 2041 1153 2096 260

102 2124 192 2189 dicta
209 2125 325 2188 tulisse
337 2123 446 2209 Jovis‚
465 2144 569 2209 seque
586 2123 773 2189 indoluisse
790 2136 952 2189 notatam.

147 2231 282 2295 interea
298 2231 537 2317 quodcumque
554 2230 616 2294 suit
631 2231 828 2316 populabile
844 2230 1017 2307 flammae,

102 2336 274 2403 Mulciber
291 2339 495 2412 abstulerat3
521 2359 586 2402 nec
603 2339 846 2424 cognoscenda
862 2339 1025 2403 remansit
1066 2414 1068 2418 μ

103 2443 265 2509 Herculis
281 2444 425 2532 effigies,
445 2465 509 2508 nec
525 2445 709 2530 quicquam
727 2445 770 2508 ab
787 2444 939 2530 imagine
954 2444 1096 2510 ductum

103 2553 219 2615 matris
236 2551 350 2626 habet,
369 2563 567 2636 tantumque
579 2551 676 2636 Jovis
691 2550 837 2637 vestigia
853 2560 976 2614 servat.
1099 2548 1150 2638 263

101 2670 204 2744 utque
221 2678 329 2722 novus
346 2679 487 2742 serpeus
504 2658 612 2742 posita
630 2678 707 2723 cum
725 2657 815 2741 pelle
832 2668 969 2721 senecta

101 2765 274 2829 luxuriare
291 2765 389 2839 solet,
408 2785 618 2850 squamaque
634 2764 743 2829 virere
760 2763 909 2828 recenti:

55 2932 56 2935 ,
102 2871 225 2936 sicubi
243 2871 407 2951 mortales
418 2869 620 2956 Tirynthius
638 2870 731 2935 exuit
747 2881 851 2945 artus

101 2990 196 3063 parte
214 2976 265 3041 sui
284 2977 422 3041 meliore
439 2977 542 3062 viget,
561 2976 734 3064 majorque
751 2976 858 3042 videri
1155 3061 1156 3064 Ἴ

102 3084 224 3168 coepit,
244 3094 276 3147 et
293 3095 439 3170 augusta
456 3082 529 3146 fieri
546 3083 712 3169 gravitate
726 3086 908 3149 verendus.
940 3079 942 3083 ’
1099 3115 1152 3169 270
1176 3090 1195 3106 '¹

101 3172 317 3277 quem'pater
333 3189 548 3274 omnipotens
564 3189 650 3252 inter
667 3210 752 3253 cava
768 3191 885 3253 nubila
902 3201 1036 3276 raptum

102 3295 307 3384 quadrijugo
324 3316 425 3360 curru
442 3294 652 3360 radiantibus
668 3294 780 3360 intulit
796 3296 906 3361 astris.
