2476 4148
104 164 151 212 22·
283 164 323 210 11.
362 143 433 211 Tae
454 141 660 210 Adventare
683 144 731 229 of
742 142 936 209 Phadtlaeon.
1008 159 1154 232 [Murem.

102 363 165 428 per
175 340 263 430 juga
279 338 480 426 chrysolithi
497 339 696 425 positaeque
712 359 757 404 ex
772 338 892 405 ordine
909 359 1071 427 gemmae

103 448 197 513 clara
213 467 415 532 repercusso
431 446 620 511 reddebant
635 445 765 510 lumina
781 445 930 530 phoebo.
1104 478 1156 519 110

102 555 254 641 dumque
271 573 312 618 ea
330 551 573 639 magnanimus
589 551 770 617 Phaethon
788 551 942 629 miratur,
960 571 1116 640 opusque
1150 582 1152 587 ·

102 659 276 746 perspicit,
295 679 376 724 ecce
392 657 476 745 vigil
493 657 593 723 rutilo
609 656 769 742 patefecit
785 658 920 723 abortu

102 786 292 852 purpureas
309 764 445 830 Aurora
460 764 551 829 sores
568 773 602 828 et
616 764 720 849 plena
735 783 891 828 rosarum

102 872 209 947 atria3
233 870 417 959 diffugi-unt
434 871 564 947 stellae,
583 890 727 957 quarum
744 868 885 956 agmina
902 869 995 958 cogit

102 979 255 1055 Lucifer,
274 991 307 1044 et
323 978 410 1044 caeli
427 977 570 1043 statione
587 975 793 1042 novissimus
810 976 891 1042 exit.
1103 1008 1153 1066 1¹5

148 1084 250 1170 Quae
267 1096 380 1170 petere
396 1096 434 1149 ut
449 1095 567 1159 terras,
584 1083 820 1167 mundumque
836 1083 1018 1150 rubescere
1033 1083 1132 1163 vidit,

102 1212 299 1277 cornuaque
316 1201 490 1254 extremae
507 1189 600 1254 velut
615 1209 822 1254 evanescere
838 1189 955 1265 lunae,

98 1297 246 1384 jungere
262 1317 368 1381 equos
384 1294 489 1359 Titan
505 1294 681 1360 velocibus
697 1294 845 1380 imperat
862 1295 979 1361 Horis.

97 1404 195 1492 jussa
212 1404 297 1468 deae
315 1402 444 1467 celeres
461 1410 643 1490 peragunt,
662 1400 848 1488 ignemque
864 1415 1054 1482 vomentes,

102 1509 294 1574 ambrosiae
311 1529 393 1573 suco
411 1520 555 1582 saturos,
574 1508 797 1592 praesepibus
815 1508 891 1574 altis
1103 1544 1153 1585 120

101 1617 341 1702 quadrupedes
358 1616 499 1689 ducunt,
518 1615 715 1700 adduntque
732 1615 889 1680 sonantia
904 1616 1014 1681 frena.

99 1733 171 1786 tum
189 1733 285 1806 pater
301 1742 361 1787 ora
377 1720 429 1785 sui
446 1741 544 1785 sacro
560 1720 787 1786 medicamine
803 1721 873 1787 nati

100 1827 254 1914 contigit,
273 1838 307 1891 et
322 1826 463 1911 rapidae
480 1825 560 1891 fecit
576 1826 738 1910 patientia
754 1827 929 1904 fiammae,

100 1933 326 2019 imposuitque
344 1952 464 1996 comae
479 1931 605 2006 radios
624 1934 989 2020 praesagaqueluctus
1062 1918 1070 1930 ¹

100 2049 237 2125 pectore
254 2038 399 2103 sollicito
416 2050 573 2123 repetens
591 2039 737 2124 suspiria
755 2040 861 2105 dixit:
1009 2079 1013 2085 ·
1100 2073 1150 2129 1²5

146 2144 210 2210 ‘Si
226 2154 322 2230 potes
340 2144 393 2209 his
409 2145 529 2209 saltem
548 2145 682 2210 monitis
699 2167 820 2231 parere
837 2146 1001 2232 paternis,

98 2272 215 2337 parce,
233 2272 332 2336 puer,
350 2250 507 2326 stimulis,
526 2261 559 2316 et
575 2251 693 2317 fortius
710 2264 804 2317 utere
821 2252 915 2317 loris.

99 2369 219 2443 sponte
235 2378 297 2422 sua
315 2367 518 2442 properant;
543 2358 640 2422 labor
657 2369 707 2423 est
722 2358 877 2424 inhibere
893 2360 1060 2426 volentes.

97 2485 163 2528 nec
178 2463 238 2528 tibi
254 2464 399 2529 directos
416 2463 550 2548 placeat
564 2464 621 2528 via
637 2465 788 2550 quinque
804 2477 866 2550 per
882 2486 990 2532 arcus.

98 2581 210 2634 sectus
226 2571 261 2633 in
278 2569 453 2654 obliquum
472 2581 522 2633 est
538 2570 606 2634 lato
623 2563 821 2636 curvamine
838 2570 951 2647 limes,
1099 2605 1149 2658 130

96 2697 330 2764 zonarumque
346 2675 448 2740 trium
465 2686 642 2740 contentus
658 2677 740 2751 fine,
760 2678 946 2764 polumque

97 2782 218 2870 effugit
235 2782 432 2857 australem,
447 2781 668 2871 junctamque
687 2783 901 2869 aquilonibus
917 2782 1062 2851 Arcton.

97 2892 164 2955 hac
180 2890 222 2955 sit
237 2890 320 2954 iter:
345 2889 524 2954 manifesta
540 2878 633 2953 rotae
649 2889 794 2975 vestigia
811 2910 941 2954 cernes.

96 3009 199 3084 utque
216 2996 327 3062 serant
343 3017 470 3083 aequos
487 3007 520 3060 et
536 2995 670 3060 caelum
688 3006 720 3059 et
735 3007 825 3059 terra
842 2996 986 3072 calores,

96 3126 161 3169 nec
178 3125 309 3190 preme,
327 3125 391 3168 nec
408 3124 580 3168 summum
597 3101 716 3167 molire
733 3122 795 3186 per
812 3102 950 3167 aethera
966 3124 1118 3170 currum.

97 3214 196 3277 altius
214 3234 374 3300 egressus
391 3211 551 3277 caelestia
567 3220 655 3275 tecta
673 3209 854 3287 cremabis,

95 3319 236 3383 inferius
253 3329 381 3382 terras:
406 3317 520 3381 medio
536 3317 722 3382 tutissimus
739 3316 814 3381 ibis.

95 3447 163 3489 neu
179 3437 212 3490 te
229 3424 400 3490 dexterior
415 3433 539 3489 tortum
556 3423 704 3488 declinet
720 3425 763 3489 ad
780 3421 959 3511 Anguem,

96 3552 182 3596 neve
200 3528 385 3596 sinisterior
400 3550 555 3614 pressam
571 3539 645 3594 rota
662 3529 764 3595 ducat
781 3531 824 3595 ad
841 3528 972 3594 Aram:

95 3636 182 3701 inter
197 3648 377 3722 utrumque
394 3645 484 3700 tene.
532 3634 705 3701 Fortunae
722 3646 835 3701 cetera
851 3637 991 3713 mando,
1095 3669 1146 3723 140

94 3765 184 3829 quae
198 3743 293 3831 juvet
308 3754 341 3808 et
357 3743 479 3808 melius
495 3763 597 3829 quam
615 3752 650 3805 tu
666 3741 739 3817 tibi,
758 3745 914 3808 consulat
929 3756 1021 3831 opto.

95 3852 177 3917 dum
193 3851 326 3938 loquor,
346 3848 516 3935 Hesperio
531 3847 659 3934 positas
674 3846 711 3913 in
726 3848 824 3915 litore
840 3860 949 3916 metas
