2476 4148
105 111 298 210 111215214]
411 123 594 197 Farewell
613 131 647 189 to
671 121 727 187 the
749 118 875 186 Looes.
1093 116 1157 203 169

102 321 179 388 Nec
196 329 311 383 tamen
325 317 456 406 'ignavo
473 328 674 404 stupuerunt
689 317 794 381 verba
811 314 946 400 palato:

148 425 321 495 Clamavit
339 426 487 490 moriens
504 425 624 511 lingua
645 423 813 498 Corinna,
831 421 933 486 vale!

103 537 201 603 Colle
218 534 281 600 sub
298 531 417 617 Elysio
435 532 534 617 nigra
551 551 672 594 nemus
689 529 765 594 ilice
783 529 928 604 frondet,

147 642 296 728 Udaque
312 651 477 725 perpetuo
496 638 653 724 gramine
670 650 760 702 terra
777 639 872 702 viret.
1123 670 1157 726 50

104 749 211 835 Siqua
227 748 313 812 fides
330 747 455 819 dubiis,
474 747 653 809 volucrum
670 745 766 810 locus
783 746 840 809 ille
856 747 991 830 piarum

134 855 293 934 Dicitur,
312 855 483 919 obscenae
500 874 568 938 quo
586 853 807 937 prohibentur
825 875 927 919 aves:

105 963 179 1027 Illic
196 963 332 1026 innocui
350 963 416 1025 late
434 971 621 1046 pascuntur
638 962 761 1036 olores

149 1069 192 1133 Et
208 1069 310 1133 vivax
327 1068 489 1153 phoenix,
509 1069 611 1132 unica
630 1091 765 1154 semper
783 1068 877 1144 avis3

104 1174 266 1260 Explicat
281 1176 355 1260 ipsa
373 1196 452 1239 suas
471 1175 542 1239 ales
555 1176 706 1261 Junonia
723 1176 859 1262 pinnas,
1123 1206 1155 1263 55

149 1282 276 1346 Oscula
293 1281 351 1347 dat
368 1281 493 1366 cupido
509 1282 638 1347 blanda
656 1283 815 1346 columba
833 1281 929 1346 mari.

38 1446 42 1451 .
103 1387 270 1453 Psittacus
288 1390 351 1453 has
367 1389 455 1453 inter
470 1390 635 1452 nemorali
655 1390 736 1453 sede
754 1401 910 1474 receptus

148 1493 323 1559 Convertit
339 1496 496 1559 volucres
514 1494 549 1557 in
567 1515 629 1558 sua
646 1495 752 1558 verba
768 1494 856 1579 piaS.

103 1600 192 1665 Ossa
208 1601 292 1687 tegit
308 1602 471 1676 tumulus,
491 1601 722 1685 tumuluspro
739 1621 882 1685 corpore
898 1623 1062 1688 magnus,

149 1706 229 1791 Quo
246 1707 333 1791 lapis
351 1708 498 1793 exiguus
515 1728 578 1792 par
595 1706 661 1771 sibi
675 1727 817 1772 carmen
835 1708 960 1773 habet:
1119 1725 1155 1779 60

110 1811 266 1898 Colligor
282 1835 323 1875 cx
340 1815 414 1899 ipso
431 1815 591 1876 dominae
600 1815 776 1900 placuisse
791 1815 993 1901 sepulchro:
1042 1901 1045 1904 ἡ

100 1936 103 1941 “
152 1917 343 2003 Orasuero
358 1920 540 2008 maniplus
557 1943 621 1984 ave
637 1922 736 1985 docto
753 1921 861 2007 loqui.

273 2261 306 2325 3.
332 2242 516 2308 Farewcll
535 2250 569 2308 to
593 2241 649 2309 tlte
672 2240 786 2308 Loves
814 2241 880 2330 (iii.
901 2243 977 2328 15).

185 2453 354 2519 UAERE
365 2476 491 2519 novum
502 2464 833 2530 vatem,tenerorum
844 2465 952 2518 mater
961 2452 1130 2519 Amorum
1143 2452 1152 2519 l

230 2562 376 2626 Raditur
393 2563 449 2625 hic
466 2561 575 2647 elegis
591 2562 711 2626 ultima
728 2574 817 2625 meta
835 2562 941 2626 meis:

104 2665 200 2749 Quos
218 2691 283 2755 ego
300 2669 490 2754 composui,
509 2667 645 2755 Peligni
663 2668 750 2732 ruris
768 2668 946 2744 alumnus3

146 2773 223 2837 Nec
240 2797 294 2839 me
311 2775 455 2840 deliciae
473 2776 665 2840 dedecuere
683 2796 793 2839 meae.

102 2879 224 2964 Siquid
240 2883 274 2943 id
291 2892 353 2954 est,
372 2904 480 2966 usque
499 2903 518 2944 a
536 2882 672 2965 proavis
689 2893 784 2946 vetus
802 2882 931 2947 ordinis
948 2883 1061 2956 heres,
1136 2912 1151 2968 ς

146 2984 227 3046 Non
244 2986 345 3047 modo
363 2986 501 3048 militiae
519 2986 653 3049 turbine
671 2986 780 3050 factus
798 3009 914 3072 eques.

102 3088 248 3152 Mantua
263 3088 419 3174 Vergilio
437 3091 586 3176 gaudet3
610 3090 751 3155 Verona
767 3091 926 3157 Catullo:

147 3192 311 3280 Pelignae
329 3194 423 3259 dicar
440 3197 551 3284 gloria
568 3197 680 3285 gentis
697 3219 776 3284 eg0,

103 3297 218 3382 Onam
236 3323 297 3366 sua
316 3302 454 3369 libertas
474 3305 517 3370 ad
535 3308 678 3371 honesta
695 3310 856 3392 coegerat
872 3325 981 3381 arma,

146 3406 232 3471 Curn
252 3409 360 3475 timuit
377 3414 486 3479 socias
505 3415 609 3478 anxia
626 3413 741 3479 Roma
759 3433 892 3477 manus.
1120 3445 1152 3485 10

100 3512 213 3600 Atque
231 3519 353 3605 aliquis
370 3535 529 3606 spectans
547 3523 673 3606 hospes
690 3520 865 3586 Sulmonis
882 3519 1001 3606 aquosi

145 3621 300 3700 Moenia,
318 3650 406 3714 quae
425 3628 537 3712 campi
550 3629 675 3716 jugera
692 3650 803 3714 pauca
820 3638 947 3704 tenent,

102 3727 225 3811 ‘Quae
243 3733 393 3798 tantum’
411 3735 502 3799 dicet
520 3735 697 3818 ‘potuistis
714 3736 801 3802 ferre
819 3747 968 3821 poetam,

132 3836 473 3926 Qantulacumque
491 3839 586 3917 estiS,
604 3863 665 3906 vos
682 3863 749 3930 ego
766 3864 895 3931 magna
911 3843 1023 3910 voco?
