2476 4148
102 113 168 182 168
473 114 623 184 Skorter
645 115 781 183 Poems.
994 129 1151 202 [Auoaus.

101 311 210 377 Plena
227 314 288 378 fuit
303 314 400 379 vobis
416 314 510 379 omni
526 315 709 379 concordia
725 313 808 390 vita,
863 375 869 385 ,

147 419 191 483 Et
207 420 296 484 stetit
313 421 356 484 ad
372 421 476 484 finem
494 421 598 506 longa
615 434 786 506 tenaxque
803 421 900 485 fides.

103 523 208 608 Quod
225 527 285 590 suit
301 524 467 612 Argolico
479 527 615 614 juvenis
632 525 791 591 Phoceus
808 527 965 602 Orestae,
1119 553 1150 609 15

148 631 225 696 Hoc
241 633 314 707 tibi,
333 633 414 696 dum
432 633 537 707 licuit,
556 634 710 717 psittace,
729 643 836 697 turtur
853 644 937 697 erat.

103 727 198 820 Quid
214 750 328 802 tamen
346 739 409 802 ista
426 739 523 813 fides,
542 739 623 823 quid
640 739 707 802 rari
725 740 834 804 forma
852 739 987 815 coloris,

147 842 241 928 Qid
258 866 326 909 vox
343 845 513 908 mutandis
530 844 710 932 ingeniosa
727 846 832 922 souis,

102 948 196 1034 Quid
209 951 318 1037 juvat,
337 963 373 1014 ut
389 951 487 1015 datus
504 971 552 1025 es,
572 961 706 1015 nostrae
724 952 894 1037 placuisse
910 948 1069 1037 puellae?

146 1055 270 1120 Infelix
288 1057 400 1120 arium
419 1056 542 1142 gloria,
562 1079 686 1141 nempe
699 1058 809 1145 jaces.
1109 1079 1150 1128 '20

49 1189 51 1195 ·
100 1162 156 1226 Tu
174 1175 308 1246 poteras
326 1162 465 1248 fragiles
484 1162 596 1246 pinnis
614 1164 775 1230 hebetare
792 1163 1013 1250 zmaragdos

145 1268 269 1331 Tincta
286 1290 411 1354 gerens
427 1269 529 1332 rubro
546 1268 676 1334 Punica
693 1282 800 1335 rostra
817 1291 929 1335 croco·

100 1372 182 1439 Non
199 1375 261 1437 luit
277 1375 311 1437 in
329 1374 425 1438 terris
442 1396 564 1439 vocum
583 1376 796 1442 simulantior
812 1377 905 1441 ales:

146 1479 332 1544 Reddebas
349 1480 466 1546 blaeso
483 1494 552 1545 tam
570 1482 657 1547 bene
673 1484 778 1547 verba
794 1504 890 1548 sono.

101 1587 235 1671 Raptus
253 1608 289 1649 es
306 1586 455 1651 invidia:
482 1610 549 1653 non
567 1601 602 1652 tu
619 1589 690 1653 sera
707 1590 798 1653 bella
815 1589 999 1662 movebas3
1115 1615 1150 1671 25

146 1692 313 1757 Garrulus
330 1705 363 1756 et
380 1695 536 1778 placidae
553 1696 647 1781 pacis
665 1707 794 1760 amator
810 1715 900 1759 eras.

101 1797 206 1873 Ecce,
225 1800 416 1865 coturnices
433 1802 520 1866 inter
536 1823 598 1866 sua
615 1802 744 1886 proelia
761 1800 890 1877 vivunt,

146 1905 303 1970 Forsitan
320 1919 353 1971 et
368 1908 451 1973 fiant
467 1909 546 1973 inde
563 1909 755 1994 frequenter
773 1928 872 1972 anus.

100 2011 229 2077 Plenus
247 2034 322 2079 eras
339 2014 501 2080 minimo:
527 2035 590 2078 nec
606 2035 688 2099 prae
705 2013 870 2080 sermonis
888 2033 1006 2078 amore

147 2119 186 2183 In
206 2122 328 2185 multos
345 2133 480 2206 poteras
496 2142 555 2186 ora
573 2141 697 2185 vacare
715 2121 822 2185 cibos.

101 2225 186 2291 Nux
203 2238 276 2291 erat
292 2249 371 2293 esca
387 2228 459 2303 tibi,
479 2249 671 2313 causaeque
688 2246 860 2311 papavera
878 2224 1000 2298 somni,

147 2333 367 2420 Pellebatque
385 2334 474 2397 sitim
491 2333 654 2418 simplicis
671 2354 769 2397 umor
786 2353 908 2418 aquae.

100 2438 204 2505 Vivet
220 2441 310 2506 edax
327 2442 448 2523 vultur,
467 2441 663 2526 ducensque
680 2460 740 2523 per
757 2444 837 2504 aera
854 2459 959 2524 gyros

148 2546 291 2624 Miluus,
311 2559 343 2612 et
360 2548 496 2633 pluviae
514 2547 677 2632 graculus
694 2557 810 2609 auctor
828 2564 959 2630 aquae3

101 2652 205 2718 Vivet
221 2666 253 2719 et
270 2655 449 2718 armiferae
467 2652 587 2717 cornix
603 2651 712 2716 invisa
729 2650 923 2726 Minervae,

148 2760 212 2824 Illa
229 2762 366 2847 quidem
383 2761 505 2826 saeclis
522 2758 581 2822 vix
598 2757 759 2821 moritura
775 2777 910 2835 novem.

104 2861 239 2931 Occidit
255 2868 312 2932 ille
329 2869 468 2953 loquax,
489 2868 661 2930 humanae
680 2863 772 2927 vocis
789 2862 919 2949 imago,

148 2971 329 3048 Psittacus
349 2986 501 3039 extremo
519 2994 642 3036 munus
660 2971 702 3035 ab
720 2970 801 3034 orbe
818 2970 947 3034 datum.

105 3076 243 3163 Optima
261 3080 370 3163 prima
387 3080 457 3144 sere
475 3079 632 3143 manibus
649 3077 825 3162 rapiuntur
841 3074 975 3150 avaris3

150 3185 339 3270 Implentur
356 3186 506 3250 numeris
523 3186 690 3250 deteriora
707 3184 787 3249 suis.

105 3290 232 3357 Tristia
249 3293 460 3380 Phylacidae
478 3293 655 3357 Thersites
671 3292 792 3356 funera
808 3287 912 3354 vidit:

147 3398 294 3484 Jamque
311 3400 409 3475 cinis,
426 3400 512 3464 vivis
529 3399 700 3472 fratribuS,
720 3398 849 3462 Hector
866 3405 950 3461 erat.

107 3502 202 3586 Quid
219 3505 363 3569 reseram
381 3506 519 3571 timidae
536 3515 646 3588 prote
663 3504 719 3589 pia
735 3514 814 3568 vota
831 3503 982 3587 puellae,

151 3609 241 3674 Vota
258 3613 448 3697 procelloso
465 3633 526 3697 per
543 3632 636 3674 mare
654 3620 750 3693 rapta
768 3607 870 3674 noto?

107 3714 262 3802 Septima
279 3718 339 3799 lux
356 3719 486 3792 aderat,
505 3739 574 3787 non
591 3716 784 3787 exhibitura
800 3724 1018 3803 sequentem,

153 3822 197 3887 Et
213 3826 323 3890 stabat
335 3846 444 3904 vacuo
456 3823 531 3912 jam
546 3823 607 3902 tibi
623 3821 734 3905 Parca
751 3821 848 3898 culm
