2476 4148
84 166 237 240 X1.169.]
331 150 470 217 Contest
492 151 540 235 of
552 135 632 215 Pon
656 149 730 214 ond
749 149 892 235 Apollo.
1074 163 1140 233 109

87 345 215 412 ‘Neve
231 347 320 411 male
336 357 451 432 optato
467 367 609 411 maneas
627 343 836 409 circumlitus
853 363 949 419 auro,

84 452 194 518 vade’
210 453 257 518 ait
274 452 340 516 ‘ad
357 445 495 539 magnis
510 450 661 515 vicinum
678 449 845 515 Sardibus
863 470 1014 525 amnem,

85 578 215 644 perque
227 557 350 646 jugum
368 557 492 622 montis
508 557 702 621 labentibus
717 555 838 644 obvius
855 555 956 621 undis

85 685 190 748 carpe
205 664 311 739 viam,
330 664 440 729 donec
455 662 575 727 venias
592 663 636 726 ad
652 660 804 726 fluminis
821 674 935 736 ortus;

85 769 352 857 spumigeroque
368 780 463 833 tuum
481 769 578 842 fonti,
596 789 664 852 quo
681 767 848 851 plurimus
866 769 947 845 exit,

85 876 192 940 subde
209 885 325 960 caput,
343 895 535 960 corpusque
552 874 668 945 simul,
686 873 788 938 simul
806 876 883 940 elue
899 876 1054 942 crimem’

84 1002 146 1046 rex
158 980 277 1068 jussae
294 980 445 1045 succedit
461 999 584 1065 aquae.
632 977 696 1044 Vis
714 1000 818 1044 aurea
835 982 933 1046 tinxit

83 1086 226 1162 flumen,
245 1097 277 1150 et
293 1086 444 1169 humano
460 1086 503 1149 de
520 1104 663 1169 corpore
680 1088 781 1152 cessit
796 1087 830 1152 in
848 1108 996 1153 amnem.

83 1213 176 1258 nunc
192 1213 328 1279 quoque
340 1191 414 1280 jam
430 1191 555 1256 veteris
572 1204 734 1278 percepto
751 1194 881 1259 semine
897 1217 1006 1260 venae
1054 1256 1058 1260 .

84 1319 166 1362 arva
183 1299 296 1386 rigent
313 1319 396 1362 auro
413 1296 560 1362 madidis
577 1299 740 1382 pallentia
757 1301 881 1388 glebis.
1085 1332 1133 1388 145

128 1403 207 1480 Ille,
224 1425 367 1490 perosus
383 1425 480 1488 opes,
499 1405 602 1469 silvas
619 1415 651 1469 et
667 1426 746 1470 rura
763 1407 910 1482 colebat,

81 1510 249 1597 Panaque
266 1509 436 1575 montanis
453 1510 662 1576 habitantem
681 1533 817 1596 semper
832 1513 868 1577 in
885 1514 1003 1578 antris.
1102 1574 1106 1582 .

82 1617 213 1704 pingue
229 1617 289 1681 sed
306 1617 485 1704 ingenium
503 1618 646 1691 mansit;
672 1618 907 1706 nocituraque,
926 1631 962 1683 ut
979 1632 1070 1696 ante,
1142 1675 1145 1682 .

81 1743 200 1787 rursus
216 1732 313 1786 erant
328 1721 467 1785 domino
484 1721 626 1786 stolidae
643 1723 844 1806 praecordia
861 1724 994 1806 mentis

80 1848 163 1892 nam
180 1826 266 1893 freta
282 1827 493 1912 prospiciens
510 1828 576 1892 late
593 1828 682 1915 riget
700 1829 826 1895 arduus
843 1829 911 1894 alto
1083 1861 1132 1916 150
1172 1880 1176 1887 .

79 1933 228 2000 Tmolus
243 1933 279 1999 in
295 1955 454 2009 ascensu,
473 1933 629 2020 clivoque
645 1947 807 2000 extensus
823 1947 966 2023 utroque

80 2039 249 2106 Sardibus
265 2040 360 2116 hinc,
377 2039 472 2105 illinc
488 2041 602 2124 parvis
619 2041 733 2106 finitur
750 2041 942 2128 Hypaepis.

79 2146 156 2212 Pan
172 2147 218 2212 ibi
236 2147 316 2212 dum
333 2147 458 2211 teneris
471 2147 577 2234 jactat
592 2169 654 2211 sna
670 2147 822 2212 carmina
840 2149 1016 2234 nymphis,

79 2264 116 2319 et
130 2254 205 2319 leve
223 2264 337 2318 cerata
352 2253 546 2317 modulatur
562 2253 729 2317 arundine
746 2275 898 2330 carmen,
936 2315 939 2319 .

80 2381 186 2426 ausus
202 2357 404 2445 Apollineos
420 2378 503 2445 prae
520 2379 557 2423 se
575 2370 791 2424 contemnere
808 2371 942 2436 cantus,
1082 2392 1128 2448 155

75 2465 194 2556 judice
216 2467 280 2531 sub
302 2464 429 2530 Tmolo
445 2475 618 2529 certamen
635 2464 728 2529 venit
743 2465 787 2529 ad
804 2466 927 2550 impar.

126 2572 246 2639 Monte
262 2594 324 2638 suo
341 2571 455 2638 senior
466 2572 575 2659 judex
591 2571 756 2646 consedit,
775 2582 808 2638 et
824 2593 924 2638 aures
940 2557 942 2559 ¹

78 2680 202 2745 liberat
217 2680 416 2745 arboribus:
442 2699 571 2766 quercu
587 2700 686 2743 coma
703 2680 842 2743 caerula
858 2690 988 2744 tantum

79 2783 241 2871 cingitur,
259 2793 293 2848 et
309 2783 460 2867 pendent
475 2783 604 2847 circum
623 2802 709 2846 cava
725 2792 880 2865 tempora
896 2784 1054 2869 glandes.

43 2914 47 2918 ·
78 2889 177 2977 isque
193 2890 295 2954 deum
312 2890 445 2974 pecoris
462 2902 634 2974 spectans,
656 2888 720 2953 ‘In
733 2889 969 2976 judice’dixit
1079 2905 1129 2960 160
1169 2936 1178 2952 .

80 2996 201 3060 ‘nulla
218 3016 313 3059 mora
331 2995 405 3059 est.'
452 2994 605 3061 Calamis
623 2995 815 3083 agrestibus
831 2994 966 3059 insonat
981 2978 1058 3059 ille:

77 3101 326 3187 barbaricoque
344 3100 466 3166 Midan
479 3104 653 3167 —aderat
669 3124 749 3166 nam
767 3102 853 3166 forte
869 3102 1003 3165 canenti
1016 3099 1073 3150 -’

79 3208 233 3273 carmine
250 3207 387 3272 delenit.
437 3207 519 3272 Post
536 3210 627 3273 hunc
644 3230 742 3274 sacer
758 3230 818 3274 ora
835 3208 967 3272 retorsit

77 3314 225 3379 Tmolus
242 3314 285 3378 ad
301 3336 339 3378 os
356 3313 508 3378 Phoebi:
533 3316 662 3378 vultum
681 3339 743 3381 sua
760 3319 845 3382 silva
864 3328 979 3381 secuta
997 3327 1058 3380 est.

124 3420 201 3496 Ille,
220 3430 322 3504 caput
337 3418 465 3482 flavum
483 3420 580 3485 lauro
597 3420 785 3488 Parnaside
803 3425 950 3500 vinctus
1079 3437 1126 3508 165

77 3527 182 3591 verrit
197 3528 339 3590 humum
356 3525 465 3611 Tyrio
482 3538 631 3590 saturata
649 3531 777 3594 murice
795 3515 910 3615 palla3
930 3509 932 3514 ³

77 3627 334 3717 instrictamque
350 3631 453 3695 fidem
470 3628 617 3719 gemmis
634 3645 667 3697 et
683 3635 840 3701 dentibus
857 3638 952 3703 Indis

79 3739 222 3805 sustinet
238 3759 260 3802 a
275 3738 386 3811 laeva,
405 3737 511 3801 tenuit
528 3759 650 3804 manus
667 3741 772 3804 altera
790 3743 977 3826 plectrum:

79 3843 219 3909 artificis
235 3853 342 3908 status
359 3841 432 3927 ipse
449 3842 522 3906 suit.
570 3842 663 3908 Turn
680 3846 826 3911 stamina
844 3849 944 3915 docto
