2476 4148
120 165 184 236 134
433 146 504 213 Tae
533 145 689 231 Talaos
707 146 869 213 Galatea.
1024 165 1174 239 [Mareu.

119 347 220 421 adde,
239 345 331 432 quod
348 344 383 409 in
399 355 512 410 vestro
528 345 663 432 genitor
679 366 777 410 meus
794 334 942 432 aequore
958 355 1104 432 regnat:

118 454 210 519 hunc
226 451 284 517 tibi
303 452 346 517 do
363 472 533 516 socerum.
583 452 736 515 Tantum
754 451 929 526 miserere,
947 471 1140 538 precesque

118 559 281 645 supplicis
298 557 438 631 exaudi,
456 557 515 621 tibi
532 557 623 622 enim
640 557 896 622 succumbimus
911 556 984 621 uni.

118 667 244 753 quique
256 665 378 751 Jovem
396 672 429 727 et
446 664 581 727 caelum
599 684 723 748 sperno
739 673 773 729 et
788 662 999 747 penetrabile
1015 661 1161 742 fulmen,

119 771 238 848 Nerei,
256 783 289 838 te
305 792 445 836 vereor:
471 780 530 835 tua
548 768 690 834 fulmine
706 769 841 834 saevior
856 769 908 833 ira
924 781 987 835 est.

165 890 174 919 ⁶
193 879 303 966 Atque
319 900 386 967 ego
403 887 618 961 contemptus
637 897 748 940 essem
766 875 947 961 patientior
962 876 1079 966 hujus,

118 985 146 1050 si
163 987 301 1073 sugeres
317 1007 448 1052 omnes.
499 983 570 1049 Sed
587 1003 652 1047 cur.
664 980 821 1070 Cyclope
837 984 976 1069 repulso
1119 1003 1171 1060 360

118 1090 209 1157 Acin
226 1092 344 1158 amas?
368 1093 589 1179 praefersque
608 1088 692 1153 meis
710 1087 926 1174 amplexibus
942 1088 1057 1158 Acin?

117 1196 175 1262 ille
193 1209 307 1263 tamen
324 1199 525 1284 placeatque
542 1196 618 1272 sibi,
638 1196 843 1281 placeatque
860 1195 987 1271 licebit,

118 1306 209 1390 quod
226 1303 365 1380 nollem,
383 1303 542 1380 Galatea,
561 1303 634 1368 tibi.
682 1301 792 1368 Modo
808 1302 908 1388 copia
924 1303 1044 1370 detur!

119 1412 239 1477 sentiet
255 1433 329 1477 esse
347 1411 429 1475 mihi
445 1422 538 1476 tanto
555 1432 617 1496 pro
634 1431 778 1496 corpore
794 1410 904 1477 vires:

117 1520 250 1584 viscera
265 1519 343 1583 viva
359 1520 505 1594 traham,
524 1519 726 1604 divulsaque
744 1519 899 1583 membra
915 1540 976 1605 per
992 1541 1111 1608 agros,

118 1647 245 1713 perque
261 1637 336 1691 tuas
352 1647 512 1713 spargam
524 1626 628 1690 -sic
645 1646 682 1690 se
698 1625 758 1690 tibi
776 1625 1129 1693 misceatl—undas.

117 1754 197 1797 uror
213 1733 317 1808 enim,
336 1734 515 1819 laesusque
533 1742 711 1798 exaestuat
728 1732 840 1798 acrius
856 1733 968 1821 ignis3

118 1861 264 1926 cumque
281 1840 350 1904 suis
367 1840 483 1905 videor
499 1841 697 1906 translatam
715 1840 845 1905 viribus
861 1839 1012 1905 Aetnam

117 1958 254 2032 pectore
271 1947 357 2011 ferre
376 1964 471 2010 meo:
496 1967 561 2011 nec
576 1957 626 2023 tu,
645 1946 804 2023 Galatea,
823 1947 993 2014 moveris!

160 2053 262 2118 Talia
280 2053 486 2139 nequiquam
503 2065 699 2139 questus-
713 2075 796 2118 nam
814 2067 938 2120 cuncta
953 2055 1172 2120 videbam-

117 2160 238 2248 surgit,
256 2172 289 2224 et
305 2171 341 2224 ut
356 2171 472 2223 taurus
487 2180 594 2223 vacca
612 2159 816 2226 furibundus
833 2162 1008 2247 adempta,
1031 2237 1033 2242 ,

117 2280 206 2333 stare
222 2267 350 2354 nequit,
369 2266 522 2353 silvaque
539 2278 571 2331 et
588 2267 676 2333 notis
694 2268 836 2333 saltibus
854 2278 963 2333 errat:

116 2395 194 2438 cum
212 2374 301 2439 ferus
318 2373 469 2460 ignaros,
487 2374 754 2461 necquicquam
771 2375 839 2439 tale
855 2375 1024 2451 timentes,

117 2502 171 2545 me
188 2481 280 2546 videt
296 2493 395 2567 atque
413 2478 525 2554 Acin;
552 2480 709 2546 ‘Video'
725 2502 792 2568 que
809 2482 982 2547 exclamat
999 2493 1009 2522 ‘
1024 2492 1058 2547 et
1073 2481 1140 2548 ista

115 2588 235 2650 ultima
251 2586 304 2661 sit,
323 2588 461 2662 faciam,
479 2586 613 2652 veneris
632 2589 815 2654 concordia
833 2588 991 2654 vestrae)
1117 2607 1169 2676 875

47 2718 50 2723 ·
116 2705 275 2780 tantaque
291 2716 373 2768 vox,
391 2705 554 2780 quantam
571 2693 725 2780 Cyclops
740 2696 847 2761 iratus
864 2697 992 2762 habere

116 2800 243 2875 debuit,
262 2800 322 2864 illa
338 2801 411 2864 fuit.
461 2799 623 2865 Clamore
641 2802 833 2885 perhorruit
848 2800 975 2878 Aetne,

115 2917 167 2972 ast
183 2928 249 2994 ego
265 2907 377 2972 vicino
393 2908 572 2994 pavefacta
589 2909 653 2974 sub
670 2930 819 2996 aequore
836 2930 987 2996 mergor.

160 3014 278 3101 Terga
294 3014 398 3101 fugae
415 3015 556 3080 dederat
572 3037 739 3082 conversa
756 3015 979 3104 Symaethius
995 3015 1111 3091 heros,

115 3131 147 3184 et
165 3120 255 3186 ‘Fer
270 3143 385 3206 opem,
404 3120 564 3198 Galatea,
584 3145 717 3210 precor,
738 3122 841 3188 mihil
867 3122 951 3188 ferte
967 3122 1155 3208 parentes,’

114 3227 260 3303 dixerat,
281 3238 335 3293 ‘et
350 3230 470 3295 vestris
488 3233 675 3319 periturum
693 3232 856 3298 admittite
872 3231 988 3319 regnis
1002 3228 1030 3293 l’

114 3331 301 3418 insequitur
317 3333 483 3422 Cyclops,
503 3349 704 3425 partemque
720 3360 739 3403 e
757 3350 870 3404 monte
886 3339 1059 3403 revulsam

114 3439 231 3514 mittit3
256 3451 290 3504 et
305 3453 478 3508 extremus
495 3445 652 3529 quamvis
669 3445 823 3529 pervenit
839 3446 883 3509 ad
899 3445 996 3509 illum

113 3547 261 3632 angulus
277 3548 305 3613 is
325 3551 460 3624 montis,
480 3562 585 3614 totum
602 3562 717 3614 tamen
734 3551 845 3615 obruit
862 3550 965 3617 Acin.

156 3651 204 3717 At
220 3662 294 3730 nos,
314 3657 405 3741 quod
423 3656 533 3720 solum
550 3655 624 3720 fieri
641 3676 702 3740 per
719 3656 787 3719 fata
804 3656 940 3734 licebat,
1061 3662 1064 3667 ’
1113 3675 1166 3745 835

111 3759 267 3839 fecimus,
286 3773 323 3826 ut
338 3761 428 3826 vires
446 3771 634 3826 assumeret
649 3759 733 3826 Acis
750 3761 868 3826 avitas.

111 3869 278 3952 puniceus
296 3869 338 3933 de
356 3867 444 3931 mole
461 3887 561 3931 eruor
577 3866 753 3943 manabat,
771 3877 804 3933 et
819 3866 919 3933 intra·
943 3899 946 3903 ·
979 3898 983 3906 ·
