2476 4148
91 120 132 199 V.
150 141 225 214 532]
282 125 354 194 She
375 127 548 194 discovers
570 123 810 214 Proserpine’s
832 121 965 191 Abode.
1104 134 1146 206 55

93 321 249 390 advehar
264 322 462 411 Ortygiam,
479 325 594 390 veniet
609 322 802 388 narratibus
818 321 905 386 hora

92 428 297 513 tempestiva
313 430 411 503 meis,
430 451 508 494 cum
524 440 560 494 tu
576 450 727 515 curaque
743 428 858 493 levata
1096 453 1148 511 50⁰

93 544 128 598 et
143 535 257 600 vultus
273 535 422 600 melioris
440 536 520 601 eris.
568 534 658 599 Mihi
675 535 792 620 pervia
809 533 910 598 tellus

93 639 236 724 praebet
250 638 325 716 iter,
344 642 527 728 subterque
542 640 630 706 imas
647 641 761 706 ablata
778 658 958 712 cavernas,

93 744 152 810 hic
167 756 271 830 caput
287 747 414 822 attollo,
432 748 641 833 desuetaque
657 746 770 812 sidera
786 766 903 811 cerno.

93 872 179 938 ergo
196 850 418 940 dumsstygio
435 853 498 918 sub
515 853 612 918 terris
629 852 766 939 gurgite
784 852 894 926 labor,

92 957 168 1022 visa
183 968 242 1022 tua
258 968 310 1023 est
324 959 432 1024 oculis
449 958 519 1024 illic
535 958 741 1043 Proserpina
758 958 901 1022 nostris:
1094 984 1143 1042 505

92 1061 154 1126 illa
170 1062 308 1149 quidem
324 1063 440 1139 tristis,
457 1085 570 1150 neque
588 1065 702 1128 adhuc
718 1063 868 1129 interrita
883 1063 992 1139 vultu,

93 1168 156 1233 sed
172 1168 294 1256 regina
310 1179 438 1246 tamen,
458 1171 518 1235 sed
535 1169 635 1254 opaci
653 1169 804 1234 maxima
821 1168 953 1244 mundi,

94 1274 157 1340 sed
171 1285 287 1340 tamen
303 1275 427 1340 inferni
444 1276 577 1361 pollens
594 1287 749 1342 matrona
764 1274 921 1362 tyranni?

139 1380 254 1447 Mater
270 1382 315 1447 ad
331 1382 464 1447 auditas
481 1381 607 1468 stupuit
622 1404 685 1449 ceu
701 1403 808 1448 saxea
823 1403 940 1458 voceS,

95 1485 323 1573 attonitaeque
340 1488 399 1552 diu
416 1487 536 1552 similis
552 1488 626 1554 suit.
674 1488 790 1575 thue
807 1488 924 1554 dolore
1093 1517 1145 1573 510

93 1594 195 1679 pulsa
211 1593 309 1680 gravi
326 1593 443 1682 gravis
458 1604 510 1659 est
525 1594 685 1671 amentia,
704 1595 859 1661 curribus
876 1615 978 1659 auras

95 1699 166 1766 exit
182 1699 217 1764 in
234 1700 424 1766 aetherias:
449 1700 495 1766 ibi
511 1712 580 1767 toto
596 1703 714 1768 nubila
730 1703 825 1767 vultu

96 1812 175 1867 ante
186 1802 308 1889 Jovem
326 1801 436 1891 passis
453 1803 542 1869 stetit
558 1804 726 1870 invidiosa
742 1802 896 1890 capillis:

96 1908 255 1995 ‘Proque
272 1930 350 1974 meo
365 1909 444 1974 veni
460 1911 607 1996 supplex
622 1911 694 1987 tibi,
708 1910 890 1998 Juppiter,’
907 1909 1027 1997 inquit,

96 2015 303 2103 ‘sanguine,
317 2036 447 2101 proque
463 2026 534 2082 tuo.
582 2016 621 2085 si
638 2019 732 2082 nulla
749 2029 799 2082 est
815 2016 925 2104 gratia
943 2014 1072 2092 matriS,
1095 2043 1143 2101 315

94 2132 177 2187 nata
192 2131 323 2206 patrem
340 2132 495 2196 moveat;
519 2144 587 2189 neu
604 2124 646 2189 sit
660 2122 720 2189 tibi
737 2143 833 2200 cura,
851 2142 1044 2206 precamur,

95 2227 195 2293 vilior
210 2227 315 2304 illius,
333 2228 423 2314 quod
441 2239 556 2295 nostro
572 2241 623 2295 est
639 2230 730 2295 edita
746 2239 857 2314 partu.

96 2354 140 2399 en
157 2334 310 2420 quaesita
326 2335 385 2399 diu
401 2336 539 2400 tandem
559 2335 642 2400 mihi
659 2345 739 2399 nata
757 2345 892 2419 reperta
908 2344 979 2398 est:

96 2440 126 2506 si
141 2439 291 2526 reperire
307 2461 411 2506 vocas
429 2441 581 2507 amittere
598 2441 735 2517 certius,
755 2453 811 2504 aut
827 2440 855 2504 si

96 2546 198 2622 scire,
215 2545 274 2612 ubi
290 2546 344 2623 sit,
363 2549 511 2635 reperire
528 2569 644 2615 vocas.
694 2545 799 2632 Quod
815 2557 926 2632 rapta,
944 2541 1107 2621 feremus,

96 2653 284 2720 dummodo
299 2653 420 2720 reddat
435 2675 534 2720 eamr
560 2676 671 2742 neque
688 2656 779 2720 enim
796 2656 970 2738 praedone
988 2652 1108 2718 marito

95 2761 167 2826 filia
183 2761 290 2849 digna
305 2772 364 2827 tua
380 2761 523 2827 est-si
537 2761 609 2849 jam
626 2781 703 2826 mea
719 2761 790 2825 filia
806 2781 874 2824 non
892 2759 962 2824 est.'

136 2868 295 2955 Juppiter
310 2868 456 2955 excepit,
471 2867 682 2935 ‘Commune
699 2879 750 2932 est
765 2867 893 2955 pignus
909 2885 1064 2950 onusque

94 2985 177 3039 nata
193 2974 277 3039 mihi
293 2985 426 3050 tecum3
452 2975 513 3041 sed
529 2974 557 3040 si
575 2974 676 3040 modo
693 2974 833 3039 nomina
849 2973 951 3037 rebus

97 3081 224 3146 addere
240 3102 321 3146 vera
338 3082 463 3165 placet,
481 3103 551 3147 non
568 3083 635 3147 hoc
651 3080 774 3168 injuria
792 3078 932 3152 sactum,
1094 3106 1143 3162 525

95 3208 215 3251 verum
233 3207 329 3252 amor
346 3199 408 3252 est.
456 3186 580 3273 Neque
596 3189 659 3252 erit
675 3187 773 3251 nobis
790 3204 898 3270 gener
914 3183 971 3247 ille
987 3182 1122 3266 pudori,

94 3302 133 3357 tu
148 3293 264 3368 modo,
281 3293 374 3368 diva,
391 3293 490 3359 velis.
538 3292 587 3358 Ut
602 3293 713 3358 desint
729 3303 856 3364 cetera,
874 3301 1039 3376 quantum
1058 3297 1109 3351 est

97 3419 171 3464 esse
183 3398 280 3485 Jovis
296 3396 456 3463 'fratreml
484 3396 580 3482 Quid
596 3399 687 3484 quod
704 3419 769 3462 nec
786 3407 900 3462 cetera
917 3397 1053 3470 desunt,

95 3525 161 3571 nec
177 3503 266 3570 cedit
281 3504 346 3570 nisi
364 3515 452 3569 sorte
470 3504 565 3569 mihi.
613 3503 684 3570 Sed
701 3514 794 3567 tanta
811 3503 936 3586 cupido

96 3611 124 3676 si
140 3611 200 3676 tibi
217 3610 350 3676 discidii
367 3620 429 3685 est,
447 3620 577 3695 repetet
592 3608 798 3693 Proserpina
815 3608 963 3682 caelum,
1094 3634 1145 3690 530

95 3717 175 3803 lege
189 3727 307 3782 tamen
323 3726 430 3791 certa,
448 3715 475 3781 si
493 3716 605 3780 nullos
622 3715 763 3801 contigit
779 3714 850 3778 illic

95 3843 155 3888 ore
171 3821 286 3887 cibos:
311 3841 391 3886 nam
408 3821 458 3887 sic
474 3820 662 3887 Parcarum
679 3820 816 3885 foedere
833 3829 970 3884 cautum
988 3817 1063 3882 est.’
