2476 4148
89 165 147 220 VI.
175 165 252 237 213,]
300 147 372 215 Sto
394 149 510 214 boasts.
528 145 669 235 herself
681 151 788 214 above
810 149 963 215 Latona.
1100 149 1144 215 61

91 343 130 408 in
145 345 992 432 quamcumque'domu'sadvertiluminapartem,
1065 363 1145 415 -180
1190 390 1203 437 .‘

92 449 284 515 immensae
299 463 495 536 spectantur
510 458 606 536 opes.
655 450 806 536 Accedit
818 452 940 516 eodem

93 555 201 642 digna
217 557 282 621 dea
298 556 414 631 facies.
463 557 543 621 Huc
558 567 656 633 natas
667 557 776 621 adice
789 569 921 641 septem

93 671 128 725 et
142 660 281 726 totidem
294 662 451 750 juvenen,
471 675 503 728 et
519 684 600 728 mox
617 683 832 750 generosque
849 684 1035 750 nurusque.

93 768 246 854 quaerite
262 789 365 843 nuno,
384 769 509 832 habeat
525 789 628 854 quam
645 777 761 832 nostra
777 770 936 853 superbia
951 785 1094 835 'causam
1108 770 1116 834 l

93 873 211 938 nescio
227 893 362 961 quoque
379 875 503 939 audete
521 885 629 939 satam
644 873 809 938 Titanida
826 874 921 940 Coeo
1093 896 1124 948 18
1127 908 1141 962 ς

93 976 264 1047 Latonam
282 980 453 1064 praeferre
471 979 565 1053 mihi,
582 979 636 1043 cui
654 979 805 1043 maxima
821 983 996 1068 quondam

94 1084 258 1173 exiguam
270 1086 392 1150 eedem
409 1086 581 1170 pariturae
596 1095 686 1149 terra
702 1087 854 1173 neg-avit.

94 1211 160 1256 nec
176 1191 285 1266 caelo,
301 1212 366 1256 nec
382 1193 500 1266 humo,
515 1210 580 1255 nec
596 1191 694 1276 aquis
711 1192 775 1257 dea
787 1204 900 1258 vestra
913 1205 1052 1279 recepta
1069 1206 1140 1269 est3

94 1296 283 1362 exsulerat
297 1297 429 1372 mundi,
448 1296 559 1362 donec
575 1296 734 1362 miserata
750 1313 947 1386 vagantem,

92 1401 248 1489 Hospita
265 1411 302 1468 tu
318 1405 427 1467 torris¹
439 1421 554 1478 error,
571 1422 634 1488 ago
656 1403 775 1492 (dixit)
796 1405 832 1468 o'a
850 1407 970 1484 aadzs,·
1094 1429 1143 1492 190

93 1509 357 1596 instabilemque
373 1509 487 1574 locum
504 1507 612 1574 Delos
629 1510 733 1575 dedit.
782 1511 846 1574 Illa
863 1513 1007 1575 duorum

93 1615 185 1680 facta
202 1636 348 1700 parens:
373 1615 458 1678 uteri
476 1636 556 1699 pars
573 1616 660 1680 haec
676 1626 727 1680 est
742 1616 1021 1700 septimanostri.
1094 1654 1096 1665 ι

140 1721 371 1787 ‘Sum'felixt
387 1723 463 1807 quis
476 1721 566 1784 enim
583 1733 687 1809 neget
703 1721 791 1787 hoc?
807 1722 956 1808 felixque
976 1723 1142 1786 manebo:

89 1814 160 1893 vhoc
176 1849 312 1914 quoque
328 1828 404 1913 quis
417 1827 572 1892 dubitet?
596 1839 705 1892 tutam
719 1850 773 1893 me
791 1829 889 1912 copia
906 1829 997 1892 fecit.

92 1933 203 2022 major
220 1954 310 2008 sum,
327 1954 431 2018 quam
448 1933 502 1997 cui
520 1934 793 2018 possitvFortuna
808 1955 954 1999 nocere:
1089 1952 1144 2020 '195-

92 2040 268 2125 maltaque
283 2038 469 2134 uteripiat,
484 2040 593 2104 multo
610 2039 693 2102 mihi
710 2037 813 2124 plura
825 2040 1005 2126 relinquet.

92 2150 275 2211 excessere
290 2153 422 2227 metum
436 2166 513 2209 mea
526 2145 598 2233 jam
615 2146 717 2210 bona.
764 2145 900 2232 Fingite
918 2146 1008 2210 demi

92 2251 175 2316 huic
191 2250 320 2337 aliquid
335 2252 463 2336 populo
479 2262 635 2316 natorum
652 2271 754 2335 posse
770 2271 945 2315 meorum:

92 2380 163 2423 non
179 2369 295 2423 tamen
313 2359 356 2423 ad
372 2378 553 2422 numerum
564 2357 710 2444 >redigar
725 2357 870 2441 spoliata
886 2357 1045 2433 duorum,

91 2464 251 2530 Latonae
266 2465 422 2529 turbam:
449 2483 539 2550 quae
555 2467 719 2549 quantum
736 2463 838 2527 distat
853 2463 897 2526 ab
913 2461 1019 2527 orba?
1091 2495 1143 2534 200

90 2571 150 2648 ite,
169 2571 318 2660 satisque
335 2591 505 2657 superque
522 2569 625 2645 sacri,
641 2571 846 2654 laurumque
863 2568 996 2652 capillis
1029 2645 1033 2650 ι
1134 2591 1137 2596 ·

91 2679 233 2767 ponite.'
279 2679 479 2764 Deponunt,
496 2675 690 2760 infectaque
706 2677 806 2740 sacra
821 2674 1029 2760 relinquunt,
1077 2708 1080 2712 ι
1097 2725 1100 2729 .

92 2787 253 2873 quodque
269 2785 360 2861 licet,
377 2784 480 2848 tacito
496 2785 703 2846 venerantur
719 2802 893 2844 murmure
910 2802 1050 2844 numen.
1096 2808 1099 2814 ·
1144 2782 1147 2787 ’

138 2891 323 2978 Indignata
338 2891 404 2956 dea
420 2901 472 2955 est
483 2911 493 2963 ;
503 2894 505 2898 '
517 2907 720 2973 summoque
735 2886 771 2950 in
786 2886 913 2951 vertice
930 2884 1060 2972 Cynthi

91 2997 217 3063 talibus
233 3007 284 3062 est
300 2997 399 3062 dic-tis
414 2995 554 3083 gemina
571 3015 649 3059 cum
668 2994 762 3077 prole
779 2993 912 3056 locuta:
993 2992 995 2996 ’
1038 3018 1040 3021 ’
1091 3021 1142 3078 205

95 3104 172 3169 ‘En
189 3125 256 3190 ego
271 3114 384 3168 vestra
401 3123 539 3186 parens,
558 3101 654 3165 vobis
671 3100 826 3163 animosa
843 3096 980 3173 creatio,
1125 3097 1127 3100 ’

93 3222 139 3283 et,
158 3209 223 3274 nisi
235 3209 378 3295 Junoni‚
396 3208 481 3272 nulli
498 3228 637 3272 cessura
654 3207 811 3280 dearum,

94 3339 138 3380 an
157 3316 221 3381 dea
238 3315 315 3391 sim,
334 3314 489 3390 dubit0r;
514 3334 642 3398 perque
659 3311 775 3377 omnia
792 3309 932 3375 saecula
947 3309 1054 3374 cultis>
1119 3363 1121 3368 .

94 3443 225 3497 arceor,
244 3420 277 3485 Ο
293 3420 377 3496 nati,
395 3420 460 3485 nisi
476 3441 537 3485 vos
554 3419 762 3493 succurritis,
782 3417 863 3482 aris.

94 3549 159 3593 nec
175 3527 272 3592 dolor
288 3527 344 3592 hic
361 3528 473 3592 solus:
499 3525 571 3589 diro
588 3524 743 3590 convicia
760 3523 851 3589 facto
931 3524 934 3527 ’
1094 3553 1145 3589 210

93 3632 252 3705 Tantalis
269 3632 406 3720 adjecit,
424 3652 552 3716 vosque
570 3641 622 3694 est
637 3634 843 3714 postponere
857 3629 946 3694 natis

94 3759 180 3804 ausa
196 3738 280 3816 suiS,
298 3750 331 3804 et
347 3760 415 3812 me,
434 3737 525 3823 qnod
541 3735 576 3799 in
592 3735 702 3821 ipsam
720 3737 863 3810 recidat,
882 3735 1001 3799 orbam

94 3845 193 3923 dixit,
212 3854 245 3910 et
261 3843 414 3912 exhibuit
429 3842 585 3928 linguam
603 3841 770 3907 scelerata
779 3841 989 3927 paternam!
1038 3896 1041 3900 ,
1145 3893 1151 3900 .
